1875 3117
169 106 200 156 8
525 103 605 153 SA
619 101 912 153 LLUSTII
955 99 1363 152 JUGURTHA.

167 220 203 269 J
209 218 443 284 ugurtha,
481 219 569 283 qui
610 223 777 266 aetate
813 223 866 266 et
901 217 1152 282 sapientia
1186 216 1325 282 prior
1358 232 1427 276 es,
1464 231 1529 265 ne
1563 215 1712 265 aliter

167 305 289 371 quid
327 304 530 353 eveniat
572 302 835 367 providere
872 301 1028 350 decet.
1104 300 1241 350 Nam
1282 300 1337 349 in
1377 299 1516 349 omni
1556 304 1709 348 certa»

168 387 318 446 mine,
367 386 456 451 qui
503 385 793 450 opulentior
842 389 935 444 est,
984 383 1184 432 etiamsi
1237 382 1424 448 accipit
1470 381 1706 446 injuriam

167 477 338 518 tamen
375 470 495 534 quia
530 469 644 533 plus
683 474 863 532 potest,
890 467 1055 516 facere
1089 467 1305 516 videtur.
1381 465 1491 514 Vos
1521 470 1709 524 autem,

166 554 430 603 Adherbal
467 559 519 602 et
558 552 841 616 Hiempsal,
880 552 1045 611 colite,
1083 552 1348 600 observate
1383 550 1537 599 talem
1574 548 1710 597 hunc

167 639 348 697 virum,
388 636 659 685 imitamini
697 637 957 695 virtutem,
995 641 1049 684 et
1083 635 1354 695 enitimini,
1385 650 1449 684 ne
1475 650 1577 698 lego
1612 651 1710 683 me-

166 721 313 769 liores
339 721 520 768 liberos
546 719 816 782 sumpsisse
844 717 1031 777 videar,
1057 734 1208 783 quam
1233 716 1509 782 genuisse.”

267 802 367 851 XI.
431 802 518 850 Ad
543 819 602 850 ea
626 802 658 850 J
669 801 902 865 ugurtha,
921 801 1124 848 tametsi
1149 817 1315 865 regem
1341 801 1461 849 ficta
1483 801 1707 849 locutum

165 886 496 949 intelligebat,
523 891 576 933 et
601 886 705 949 ipse
732 885 877 948 longo
903 884 1053 932 aliter
1076 884 1246 932 animo
1270 883 1512 948 agitabat,
1537 889 1709 932 tamen

164 988 254 1035 pro
287 978 511 1035 tempore
541 971 756 1033 benigne
791 969 1062 1034 respondit.
1139 968 1359 1033 Micipsa
1389 967 1565 1033 paucis
1595 974 1709 1032 post

162 1054 340 1102 diebus
374 1054 601 1102 moritur.
677 1053 952 1116 Postquam
987 1052 1062 1100 illi
1087 1067 1224 1099 more
1257 1051 1395 1115 regio
1413 1051 1556 1114 justa
1577 1065 1710 1113 mag·

162 1138 309 1186 nifice
342 1137 583 1195 fecerant,
611 1136 770 1198 reguli
805 1136 857 1183 in
893 1152 1048 1182 unum
1076 1150 1370 1192 convenere,
1397 1134 1474 1181 uti
1499 1133 1635 1181 inter
1657 1148 1709 1181 sc.

161 1220 223 1268 de
257 1220 453 1267 cunctis
487 1219 702 1281 negotiis
735 1217 1089 1281 disceptarent.
1166 1215 1265 1265 Sed
1302 1214 1587 1280 Hiempsal,
1621 1215 1706 1279 qui

162 1304 402 1351 minimus
435 1320 500 1353 ex
532 1303 634 1352 illis
664 1309 788 1361 erat,
816 1309 1001 1349 natura
1035 1301 1179 1349 ferox
1211 1306 1264 1348 et
1281 1299 1388 1364 jam
1422 1304 1543 1347 ante
1573 1298 1708 1363 igno-

162 1387 412 1435 bilitatem
438 1387 473 1435 J
480 1386 744 1450 ugurthae,
771 1386 891 1449 quia
915 1391 1146 1432 materno
1170 1399 1352 1448 genere
1386 1383 1551 1447 impar
1581 1387 1706 1439 erat,

160 1471 456 1536 despiciens,
482 1470 663 1518 dextra
689 1469 1033 1517 Adherbalem
1057 1467 1286 1528 adsedit3
1322 1482 1387 1514 ne
1419 1465 1616 1514 medius
1644 1481 1705 1513 ex

161 1556 340 1615 tribus,
366 1555 500 1620 quod
534 1554 667 1619 apud
704 1552 958 1602 Numidas
990 1551 1170 1599 honori
1198 1549 1420 1609 ducitur,
1445 1548 1482 1598 J
1488 1547 1709 1613 ugurtha

160 1640 304 1688 foret.
381 1639 515 1688 Dein
552 1645 739 1696 tamen,
768 1637 843 1685 uti
880 1636 1038 1684 aetati
1071 1634 1368 1683 concederet
1399 1633 1647 1697 fatigatus
1677 1648 1709 1680 a

161 1723 334 1781 fratre,
374 1723 463 1769 vix
506 1722 559 1768 in
601 1727 797 1785 partem
841 1720 1052 1767 alteram
1092 1716 1422 1766 transductus
1459 1720 1550 1764 est.
1625 1713 1708 1763 Ibi

161 1824 274 1854 cum
309 1806 471 1853 multa
495 1804 557 1853 de
590 1803 994 1852 administrando
1027 1802 1239 1867 imperio
1270 1800 1591 1860 dissererent,
1615 1799 1705 1849 Ju-

158 1886 345 1951 gurtha
369 1887 504 1934 inter
526 1886 651 1933 alias
676 1903 755 1933 res
773 1886 921 1948 jacit:
951 1889 1222 1948 “oportere
1240 1880 1578 1947 quinquennii
1595 1896 1710 1930 con·

159 1971 296 2019 sulta
327 1970 498 2018 omnia
529 1975 582 2017 et
610 1969 813 2017 decreta
845 1968 1064 2016 rescindi
1080 1985 1095 2029 3
1131 1983 1249 2015 nam
1281 1982 1374 2032 per
1396 1982 1457 2014 ea
1478 1970 1708 2030 tempora

160 2055 447 2103 confectum
496 2054 644 2101 annis
686 2053 956 2116 Micipsam
1002 2068 1183 2117 parum
1231 2050 1402 2099 animo
1441 2048 1707 2097 valuissc.’'

158 2139 287 2188 Tum
313 2137 462 2197 idem,
490 2136 774 2200 Hiempsal,
803 2136 1040 2200 “placere
1064 2135 1205 2194 sibi,''
1230 2131 1513 2198 respondit:
1541 2137 1571 2160 ‘⁴
1587 2148 1704 2180 nam

159 2223 324 2287 ipsum
370 2221 516 2270 illum
564 2221 729 2267 tribus
776 2219 1021 2283 proximis
1067 2218 1216 2266 annis
1270 2216 1597 2281 adoptatione
1650 2215 1705 2263 in

159 2323 369 2371 regnum
415 2304 748 2371 pervenisse.''
833 2303 982 2362 Quod
1029 2303 1239 2350 verbum
1289 2302 1345 2350 in
1390 2305 1569 2366 pectus
1612 2299 1706 2349 Ju-v

159 2388 373 2453 gurthae
409 2388 578 2447 altius,
605 2403 757 2451 quam
790 2386 1056 2450 quisquam
1090 2391 1233 2432 ratus
1267 2388 1393 2443 erat,
1426 2382 1697 2432 descendit

161 2472 343 2536 Itaque
391 2487 456 2519 ex
502 2487 561 2519 eo
609 2475 834 2534 tempore
883 2469 960 2516 ira
1006 2473 1059 2516 et
1105 2473 1247 2516 metu
1293 2466 1479 2515 anxius
1518 2465 1703 2535 moliri,-

159 2571 336 2620 parare
354 2572 368 2617 3
416 2560 569 2619 atque
616 2571 676 2602 ea
722 2552 871 2601 modo
913 2569 1027 2600 cum
1069 2551 1239 2599 animo
1279 2550 1481 2611 habere,
1507 2549 1705 2615 quibus

162 2637 430 2701 Hiempsal
476 2654 566 2702 per
612 2637 784 2685 dolum
833 2640 1109 2700 caperetur.
1184 2634 1326 2693 Quae
1371 2633 1463 2682 ubi
1504 2630 1704 2681 tardius

160 2718 455 2785 procedunt,
481 2735 644 2784 neque
676 2718 868 2767 lenitur
898 2717 1099 2766 animus
1130 2715 1291 2777 ferox,
1317 2714 1503 2765 statuit
1521 2712 1702 2780 quovis

161 2802 308 2851 modo
330 2802 587 2867 inceptum
614 2802 865 2867 perficere.
