1875 3133
533 138 922 189 SALLUSTII
965 141 1369 190 JUGURTHA.
1655 143 1720 194 73

172 251 221 301 ei
257 251 481 300 traditur
518 269 550 300 a
588 251 642 300 P.
688 252 889 301 Rutilio
926 253 1093 317 legato
1109 272 1122 315 3
1165 271 1283 302 nam
1326 253 1569 302 Metellus
1611 270 1723 302 con-

172 340 401 401 spectum
449 335 607 383 Marii
647 335 865 400 fugerat,
905 354 970 385 ne
1011 337 1210 386 videret
1258 354 1331 398 ea,
1376 354 1504 402 quae
1546 337 1723 385 audita

172 419 373 467 animus
397 419 614 466 tolerare
638 420 950 483 nequiverat.

275 501 622 550 LXXXVII.
700 503 800 551 Sed
842 505 1032 565 consul,
1071 505 1288 570 expletis
1325 505 1609 569 legionibus
1647 522 1722 553 co-

172 583 504 648 hortibusque
542 585 841 646 auxiliariis,
880 587 935 634 in
971 605 1149 652 agrum
1186 588 1408 636 fertilem
1447 594 1500 636 et
1533 588 1722 652 praeda

171 672 413 716 onustum
448 668 812 732 proficiscitur:
855 671 1025 718 omnia
1060 672 1132 719 ibi
1170 665 1318 736 capta
1353 672 1604 720 militibus
1640 672 1721 720 do-

171 756 264 800 nat
278 769 292 814 3
335 751 455 801 dein
498 754 705 802 castella
743 760 796 802 et
833 756 1019 820 oppida
1056 762 1243 805 natura
1282 763 1334 805 et
1375 757 1499 805 viris
1540 774 1720 821 parum

172 836 373 885 munita
404 838 724 901 aggreditur:
763 840 955 903 proelia
984 841 1163 901 multa,
1192 847 1415 889 ceterum
1446 841 1593 901 levia,
1620 841 1722 890 alia

171 919 285 967 aliis
332 919 456 968 locis
498 920 675 968 facere.
753 921 971 970 Interim
1019 924 1141 971 novi
1188 924 1376 971 milites
1425 924 1533 971 sine
1580 928 1722 970 metu

171 1020 371 1068 pugnae
403 1004 575 1052 adesse
593 1022 606 1065 3
644 1005 817 1053 videre
849 1005 1104 1070 fugientes
1131 1007 1257 1071 capi,
1285 1007 1445 1055 occidi
1461 1024 1474 1068 3
1512 1007 1722 1055 fortissi-

171 1102 311 1133 mum
336 1103 586 1150 quemque
611 1087 925 1135 tutissimum
939 1106 952 1150 3
977 1089 1130 1136 armis
1155 1090 1459 1149 libertatem,
1486 1090 1720 1154 patriam,

171 1174 506 1233 parentesque
531 1175 583 1217 et
612 1171 712 1218 alia
737 1171 906 1219 omnia
930 1173 1034 1236 tegi
1050 1190 1063 1233 3
1100 1173 1313 1237 gloriam
1338 1180 1491 1238 atque
1516 1174 1723 1222 divitias

171 1253 357 1316 quaeri.
435 1253 518 1301 Sic
550 1254 695 1301 brevi
728 1255 892 1318 spatio
924 1257 1046 1304 novi
1078 1263 1375 1321 veteresque
1401 1258 1645 1318 coaluere,
1671 1263 1724 1305 et

170 1335 337 1383 virtus
373 1336 599 1384 omnium
637 1339 862 1401 aequalis
897 1339 1046 1388 facta.
1123 1341 1203 1388 At
1237 1358 1393 1406 reges,
1425 1342 1515 1390 ubi
1547 1341 1609 1390 de
1641 1341 1725 1390 ad·

171 1423 330 1466 ventu
373 1418 532 1467 Marii
574 1428 936 1484 cognoverunt,
981 1423 1169 1471 diversi
1217 1425 1273 1472 in
1320 1425 1453 1473 locos
1496 1425 1724 1473 difficiles

169 1501 372 1550 abeunt.
432 1502 519 1551 Ita
541 1503 832 1568 Jugurthae
857 1507 1133 1570 placuerat,
1152 1509 1378 1572 speranti
1402 1526 1522 1556 mox
1540 1509 1724 1556 effusos

169 1584 339 1634 hostes
377 1586 555 1635 invadi
596 1605 740 1652 posse
758 1607 770 1649 3
822 1589 1096 1651 Romanos,
1139 1592 1291 1639 sicuti
1332 1593 1612 1657 plerosque,
1652 1609 1723 1640 re-

169 1674 307 1717 moto
332 1675 474 1717 metu
498 1671 665 1719 laxius
691 1673 1027 1738 licentiusque
1053 1675 1266 1722 futuros.

273 1752 652 1803 LXXXVIII.
731 1756 974 1805 Metellus
1000 1758 1195 1806 interea
1221 1758 1439 1807 Romam
1464 1759 1723 1823 profectus

169 1840 347 1884 contra
376 1853 515 1900 spem
546 1855 689 1886 suam
723 1839 1013 1888 laetissimis
1046 1842 1230 1889 animis
1264 1843 1519 1906 excipitur
1534 1860 1548 1904 3
1586 1842 1723 1906 plebi

167 1906 515 1983 patribusque,
541 1927 809 1985 postquam
839 1923 1035 1971 invidia
1060 1925 1358 1986 decesserat,
1380 1926 1534 1989 juxta
1559 1943 1716 1974 carus.

170 2000 269 2050 Sed
301 2001 501 2051 Marius
534 2005 747 2069 impigre
772 2007 1150 2072 prudenterque
1176 2026 1382 2057 suorum
1415 2015 1467 2057 et
1498 2009 1722 2058 hostium

168 2101 248 2133 res
280 2086 473 2150 pariter
504 2089 769 2137 attendere
784 2106 799 2151 3
838 2107 1133 2154 cognoscere
1167 2093 1290 2157 quid
1322 2094 1443 2141 bom'
1476 2094 1720 2158 utrisque,

169 2172 262 2216 aut
290 2174 481 2230 contra,
508 2177 641 2219 esset
656 2189 669 2232 3
708 2174 972 2237 explorare
1006 2175 1194 2224 itinera
1217 2193 1408 2241 regum,
1437 2177 1646 2224 consilia
1670 2183 1722 2224 et

168 2251 379 2300 insidias
415 2256 710 2304 antevenire
728 2275 741 2318 3
789 2257 920 2304 nihil
956 2259 1092 2322 apud
1129 2276 1182 2307 se
1229 2260 1510 2319 remissum,
1555 2277 1719 2324 nequc

169 2334 305 2398 apud
333 2335 447 2384 illos
478 2342 651 2386 tutum
684 2340 805 2403 pati.
883 2340 1067 2405 Itaque
1093 2348 1146 2390 et
1171 2343 1414 2391 Gaetulos
1448 2348 1500 2390 et
1531 2343 1569 2392 J
1572 2359 1720 2407 ugur-

169 2417 327 2478 tham,
370 2435 435 2466 ex
477 2421 624 2469 sociis
665 2423 853 2471 nostris
894 2425 1134 2488 praedam
1184 2431 1405 2489 agentes,
1450 2443 1598 2490 saepe
1640 2443 1720 2490 ag-

168 2517 367 2564 gressus
388 2502 444 2549 in
467 2503 650 2553 itinere
668 2505 888 2567 fuderat,
905 2508 1171 2573 ipsumque
1190 2526 1357 2573 regem
1382 2510 1519 2558 haud
1542 2510 1720 2574 procul

168 2584 233 2631 ab
269 2584 454 2648 oppido
493 2586 635 2635 Cirta
671 2590 825 2638 armis
859 2597 1082 2639 exuerat.
1160 2592 1302 2650 Quae
1326 2599 1594 2658 postquam
1619 2594 1719 2658 glo-

169 2667 302 2715 riosa
347 2669 511 2729 modO,
555 2687 718 2736 neque
756 2674 879 2721 belli
934 2675 1188 2738 patrandi,
1239 2677 1490 2740 cognovit,
1535 2677 1719 2725 statuit

169 2752 334 2812 urbes,
369 2769 498 2817 quae
533 2755 658 2803 viris
694 2762 787 2804 aut
821 2758 930 2806 loco
966 2775 1057 2822 pro
1090 2758 1321 2808 hostibus
1358 2765 1411 2808 et
1447 2761 1714 2809 adversum

168 2850 222 2883 se
258 2836 715 2900 opportunissimae
752 2846 912 2901 erant,
949 2841 1172 2905 singulas
1210 2843 1605 2892 circumvenire:
1642 2842 1717 2890 ita
