1875 3133
506 108 895 158 SALLUSTH
938 107 1342 158 JUGURTHA.
1627 110 1685 158 61

151 223 272 271 tello
297 227 553 286 comperta
577 226 712 281 sunt,
739 238 1043 285 quamquam
1080 222 1215 269 inter
1247 221 1456 269 Thalam
1487 222 1690 270 flumen-

150 321 247 369 que
265 305 569 369 proximum,
567 304 751 375 ζ52111310
766 304 992 367 *millium
1013 304 1397 368 quinquaginta,
1417 305 1527 352 loca
1552 305 1694 353 arida

151 395 303 453 atque
326 394 473 436 vasta
497 405 602 436 esse
629 394 947 452 cognoverat,
974 394 1147 436 tamen
1171 405 1258 452 spe
1294 389 1532 452 patrandi
1560 390 1691 449 belli,

151 473 195 520 si
232 472 341 535 ejus
378 471 551 536 oppidi
588 472 783 536 potitus
820 471 967 532 foret,
995 489 1167 520 omnes
1204 473 1503 536 asperitates
1527 491 1694 538 super-

150 555 352 615 vadere,
377 571 435 602 ac
459 559 696 602 naturam
729 555 882 602 etiam
909 556 1112 603 vincere
1146 555 1448 619 aggreditur.
1526 556 1696 620 Igitur

152 639 322 686 omnia
361 639 597 702 jumenta
644 639 853 686 sarcinis
891 639 1050 687 levari
1091 639 1254 702 jubet,
1297 639 1397 687 nisi
1437 640 1696 688 frumento

151 723 349 771 dierum
385 722 586 783 decem3
642 728 863 769 ceterum
915 728 1053 769 utres
1094 722 1242 769 modo
1291 728 1343 769 et
1389 723 1490 769 alia
1537 740 1696 787 aquae

151 804 333 852 idonea
367 804 571 868 portari.
657 804 928 852 Praeterea
967 803 1222 867 conquirit
1263 820 1326 851 ex
1369 805 1501 868 agris
1544 822 1695 869 quam

151 890 426 954 plurimum
463 895 632 954 potest
667 889 847 937 domiti
886 890 1079 953 pecoris
1095 907 1108 950 3
1147 906 1302 952 eoque
1335 890 1552 953 imponit
1576 907 1698 938 vasa

154 972 396 1036 cujusque
434 972 586 1032 modi,
624 957 864 1035 plerafwe
905 972 1086 1034 lignea,
1132 972 1342 1019 collecta
1381 988 1441 1019 ex
1478 973 1698 1036 tuguriis

154 1054 508 1102 Numidarum.
584 1054 672 1101 Ad
711 1054 804 1101 hoc
844 1055 1076 1101 finitimis
1113 1054 1345 1117 imperat,
1385 1055 1472 1118 qui
1508 1071 1559 1102 se
1585 1062 1701 1119 post

153 1138 285 1202 regis
307 1138 481 1202 fugam
503 1138 714 1185 Metello
733 1137 993 1196 dederant,
1011 1154 1161 1201 quam
1186 1137 1462 1200 plurimum
1487 1139 1700 1202 quisque

153 1238 313 1286 aquae
338 1226 633 1285 portarent3
678 1220 812 1268 diem
843 1221 1124 1285 locumque,
1152 1222 1240 1268 ubi
1264 1227 1464 1285 praesto
1489 1222 1698 1282 fuerint,

153 1304 411 1368 praedicit.
489 1303 607 1367 Ipse
650 1320 712 1351 ex
752 1304 976 1363 flumine,
1015 1321 1165 1368 quam
1199 1305 1482 1368 proximam
1517 1306 1701 1370 oppido

154 1404 337 1451 aquam
379 1404 532 1451 supra
570 1387 809 1446 diximus,
847 1387 1082 1449 jumenta
1119 1393 1323 1435 onerat:
1363 1405 1420 1436 eo
1457 1389 1605 1436 modo
1630 1389 1703 1436 in-

154 1476 380 1518 structus
415 1471 480 1518 ad
516 1471 727 1518 Thalam
765 1471 1113 1535 proficiscitur.
1192 1470 1407 1532 Deinde,
1435 1473 1523 1519 ubi
1560 1471 1624 1519 ad
1649 1472 1702 1519 id

154 1555 251 1602 1001
275 1560 503 1614 ventum,
521 1571 620 1618 quo
645 1555 888 1602 Numidis
911 1561 1250 1619 praeceperat,
1273 1562 1324 1603 et
1349 1562 1514 1603 castra
1537 1556 1703 1620 posita

154 1639 451 1703 munitaque
478 1644 612 1698 sunt,
642 1644 790 1686 tanta
825 1646 1032 1703 repente
1070 1640 1206 1687 caelo
1243 1640 1397 1687 missa
1432 1641 1510 1687 vis
1543 1656 1703 1703 aquae

155 1723 358 1783 dicitur,
400 1728 460 1770 ut
501 1740 558 1770 ea
606 1723 755 1770 modo
804 1723 1053 1770 exercitui
1093 1723 1216 1769 satis
1256 1739 1505 1786 superque
1553 1723 1697 1770 foret.

156 1806 427 1854 Praeterea
473 1812 782 1854 commeatus
830 1823 916 1870 spe
964 1807 1208 1870 amplior3
1260 1807 1380 1870 quia
1427 1806 1700 1864 Numidae,

156 1889 307 1936 sicuti
338 1888 566 1952 plerique
598 1888 653 1935 in
688 1904 821 1935 nova
856 1887 1128 1948 deditione,
1164 1888 1325 1935 officia
1359 1887 1699 1957 intenderant.

158 1971 396 2019 Ceterum
433 1971 622 2019 milites
663 1960 926 2035 religione'
952 1972 1129 2035 pluvia
1176 1973 1335 2036 magis
1383 1972 1491 2020 usi:
1547 1989 1704 2036 eaque

158 2071 237 2102 res
259 2055 480 2103 multum
505 2042 886 2104 animis-eorum
921 2056 1150 2118 addidit3
1187 2074 1306 2104 nam
1345 2057 1446 2104 rati
1484 2073 1591 2104 sese
1628 2057 1706 2104 dis

159 2141 530 2188 immortalibus
555 2157 705 2189 curae
731 2158 850 2189 esse.
927 2141 1128 2189 Deinde
1170 2148 1371 2205 postero
1405 2142 1502 2201 die,
1530 2147 1706 2189 contra

159 2225 447 2288 opinionem
471 2225 507 2273 J
511 2225 775 2288 ugurthae
807 2225 871 2273 ad
904 2226 1115 2274 Thalam
1157 2227 1475 2290 perveniunt.
1554 2226 1708 2290 Oppi-

161 2308 296 2368 dani,
321 2308 410 2371 qui
445 2324 497 2355 se
533 2308 756 2356 locorum
793 2310 1067 2389 asperitate
1104 2310 1328 2357 munitos
1371 2309 1705 2368 crediderant,

161 2409 344 2456 magna
367 2398 521 2456 atque
543 2393 751 2442 insolita
774 2411 828 2442 re
852 2376 1086 2458 perculsi,
1113 2395 1274 2443 11111110
1294 2395 1499 2459 segnius
1515 2394 1705 2443 bellum

161 2491 368 2540 parare:
405 2475 540 2523 idem
565 2477 726 2524 nostri
750 2476 927 2525 facere.

265 2559 522 2608 LXXVI.
598 2559 697 2607 Sed
735 2577 826 2608 rex
873 2562 1002 2608 nihil
1043 2561 1150 2624 jam
1198 2560 1445 2609 infectum
1494 2562 1708 2610 Metello

164 2644 386 2704 01·οᾶ0115,
412 2644 598 2707 quippe
630 2645 718 2708 qui
753 2646 936 2705 omnia,
963 2663 1118 2704 arma,
1144 2645 1261 2704 tela,
1286 2634 1436 2705 locos,
1462 2651 1705 2710 tempora,

163 2727 380 2792 denique
399 2733 636 2774 naturam
654 2728 816 2791 ipsam
841 2729 1021 2776 ceteris
1050 2728 1430 2792 imperitantem
1454 2729 1709 2776 industria

165 2811 370 2870 vicerat,
392 2827 505 2858 cum
530 2810 703 2858 liberis
722 2816 774 2859 et
791 2828 975 2875 magna
997 2816 1142 2875 parte
1165 2812 1410 2876 pecuniae
1435 2828 1499 2860 ex
1524 2810 1709 2875 oppido
