<?xml version="1.0" encoding="UTF-8"?>
<!DOCTYPE html PUBLIC "-//W3C//DTD XHTML 1.0 Transitional//EN"
    "http://www.w3.org/TR/xhtml1/DTD/xhtml1-transitional.dtd">
<html xmlns="http://www.w3.org/1999/xhtml" xml:lang="en" lang="en">
 <head>
  <title>
</title>
<meta http-equiv="Content-Type" content="text/html;charset=utf-8" />
  <meta name='ocr-system' content='tesseract 3.04.00' />
  <meta name='ocr-capabilities' content='ocr_page ocr_carea ocr_par ocr_line ocrx_word'/>
</head>
<body>
  <div class='ocr_page' id='page_1' title='image "./jugurthaforusein00salluoft/jugurthaforusein00salluoft_0071.png"; bbox 0 0 1875 3133; ppageno 0'>
   <div class='ocr_carea' id='block_1_1' title="bbox 477 131 1658 186">
    <p class='ocr_par' dir='ltr' id='par_1_1' title="bbox 477 131 1658 186">
     <span class='ocr_line' id='line_1_1' title="bbox 477 131 1658 186; baseline 0.004 -5"><span class='ocrx_word' id='word_1_1' title='bbox 477 131 865 181; x_wconf 77' lang='lat' dir='ltr'><em>SALLUSTII</em></span> <span class='ocrx_word' id='word_1_2' title='bbox 907 133 1309 184; x_wconf 76' lang='lat' dir='ltr'><em>JUGURTHA.</em></span> <span class='ocrx_word' id='word_1_3' title='bbox 1596 138 1658 186; x_wconf 85' lang='lat'>63</span> 
     </span>
    </p>
   </div>
   <div class='ocr_carea' id='block_1_2' title="bbox 110 239 1673 2894">
    <p class='ocr_par' dir='ltr' id='par_1_2' title="bbox 118 239 1660 478">
     <span class='ocr_line' id='line_1_2' title="bbox 119 239 1660 312; baseline 0.005 -24"><span class='ocrx_word' id='word_1_4' title='bbox 119 239 429 307; x_wconf 81' lang='lat' dir='ltr'>Metelloque</span> <span class='ocrx_word' id='word_1_5' title='bbox 470 243 718 308; x_wconf 87' lang='lat' dir='ltr'>imperata</span> <span class='ocrx_word' id='word_1_6' title='bbox 752 261 915 308; x_wconf 89' lang='lat' dir='ltr'>gnave</span> <span class='ocrx_word' id='word_1_7' title='bbox 950 245 1187 294; x_wconf 75' lang='lat' dir='ltr'>fecerant.</span> <span class='ocrx_word' id='word_1_8' title='bbox 1263 247 1447 312; x_wconf 91' lang='lat' dir='ltr'>Itaque</span> <span class='ocrx_word' id='word_1_9' title='bbox 1474 249 1537 296; x_wconf 91' lang='lat' dir='ltr'>ab</span> <span class='ocrx_word' id='word_1_10' title='bbox 1573 249 1660 296; x_wconf 91' lang='lat' dir='ltr'>im-</span> 
     </span>
     <span class='ocr_line' id='line_1_3' title="bbox 118 323 1660 392; baseline 0.005 -20"><span class='ocrx_word' id='word_1_11' title='bbox 118 323 349 387; x_wconf 72' lang='lat' dir='ltr'>peratore</span> <span class='ocrx_word' id='word_1_12' title='bbox 391 324 540 373; x_wconf 85' lang='lat' dir='ltr'>facile</span> <span class='ocrx_word' id='word_1_13' title='bbox 581 342 709 390; x_wconf 90' lang='lat' dir='ltr'>quae</span> <span class='ocrx_word' id='word_1_14' title='bbox 756 328 999 390; x_wconf 88' lang='lat' dir='ltr'>petebant</span> <span class='ocrx_word' id='word_1_15' title='bbox 1045 329 1231 392; x_wconf 86' lang='lat' dir='ltr'>adepti,</span> <span class='ocrx_word' id='word_1_16' title='bbox 1276 336 1330 378; x_wconf 92' lang='lat' dir='ltr'>et</span> <span class='ocrx_word' id='word_1_17' title='bbox 1374 332 1554 380; x_wconf 87' lang='lat' dir='ltr'>missae</span> <span class='ocrx_word' id='word_1_18' title='bbox 1602 349 1660 381; x_wconf 86' lang='lat' dir='ltr'>eo</span> 
     </span>
     <span class='ocr_line' id='line_1_4' title="bbox 120 407 1575 478; baseline 0.006 -23"><span class='ocrx_word' id='word_1_19' title='bbox 120 407 349 456; x_wconf 76' lang='lat' dir='ltr'>cohortes</span> <span class='ocrx_word' id='word_1_20' title='bbox 374 409 621 472; x_wconf 86' lang='lat' dir='ltr'>Ligurum</span> <span class='ocrx_word' id='word_1_21' title='bbox 646 416 864 474; x_wconf 92' lang='lat' dir='ltr'>quatuor</span> <span class='ocrx_word' id='word_1_22' title='bbox 889 418 941 459; x_wconf 91' lang='lat' dir='ltr'>et</span> <span class='ocrx_word' id='word_1_23' title='bbox 966 412 1017 461; x_wconf 90' lang='lat' dir='ltr'>C.</span> <span class='ocrx_word' id='word_1_24' title='bbox 1047 414 1254 462; x_wconf 78' lang='lat' dir='ltr'>Annius</span> <span class='ocrx_word' id='word_1_25' title='bbox 1278 415 1575 478; x_wconf 77' lang='lat' dir='ltr'>praefectus.</span> 
     </span>
    </p>

    <p class='ocr_par' dir='ltr' id='par_1_3' title="bbox 110 489 1667 1728">
     <span class='ocr_line' id='line_1_5' title="bbox 223 489 1658 562; baseline 0.007 -23"><span class='ocrx_word' id='word_1_26' title='bbox 223 489 543 541; x_wconf 89' lang='lat' dir='ltr'>LXXVIII.</span> <span class='ocrx_word' id='word_1_27' title='bbox 620 493 684 541; x_wconf 94' lang='lat' dir='ltr'>Id</span> <span class='ocrx_word' id='word_1_28' title='bbox 734 495 974 559; x_wconf 92' lang='lat' dir='ltr'>oppidum</span> <span class='ocrx_word' id='word_1_29' title='bbox 1015 498 1078 544; x_wconf 91' lang='lat' dir='ltr'>ab</span> <span class='ocrx_word' id='word_1_30' title='bbox 1127 497 1347 546; x_wconf 82' lang='lat' dir='ltr'>Sidoniis</span> <span class='ocrx_word' id='word_1_31' title='bbox 1384 500 1658 562; x_wconf 87' lang='lat' dir='ltr'>conditum,</span> 
     </span>
     <span class='ocr_line' id='line_1_6' title="bbox 120 575 1662 640; baseline 0.006 -19"><span class='ocrx_word' id='word_1_32' title='bbox 120 590 245 638; x_wconf 90' lang='lat' dir='ltr'>quos</span> <span class='ocrx_word' id='word_1_33' title='bbox 269 575 551 639; x_wconf 89' lang='lat' dir='ltr'>accepimus</span> <span class='ocrx_word' id='word_1_34' title='bbox 575 576 814 640; x_wconf 82' lang='lat' dir='ltr'>profugos</span> <span class='ocrx_word' id='word_1_35' title='bbox 839 579 901 625; x_wconf 89' lang='lat' dir='ltr'>ob</span> <span class='ocrx_word' id='word_1_36' title='bbox 927 578 1201 628; x_wconf 85' lang='lat' dir='ltr'>discordias</span> <span class='ocrx_word' id='word_1_37' title='bbox 1238 581 1410 629; x_wconf 87' lang='lat' dir='ltr'>civiles</span> <span class='ocrx_word' id='word_1_38' title='bbox 1446 583 1662 631; x_wconf 86' lang='lat' dir='ltr'>navibus</span> 
     </span>
     <span class='ocr_line' id='line_1_7' title="bbox 120 658 1659 732; baseline 0.008 -27"><span class='ocrx_word' id='word_1_39' title='bbox 120 659 176 706; x_wconf 88' lang='lat' dir='ltr'>in</span> <span class='ocrx_word' id='word_1_40' title='bbox 199 674 283 706; x_wconf 92' lang='lat' dir='ltr'>eos</span> <span class='ocrx_word' id='word_1_41' title='bbox 307 658 440 706; x_wconf 90' lang='lat' dir='ltr'>locos</span> <span class='ocrx_word' id='word_1_42' title='bbox 465 661 692 723; x_wconf 87' lang='lat' dir='ltr'>venisse3</span> <span class='ocrx_word' id='word_1_43' title='bbox 731 668 953 710; x_wconf 89' lang='lat' dir='ltr'>ceterum</span> <span class='ocrx_word' id='word_1_44' title='bbox 980 665 1134 712; x_wconf 88' lang='lat' dir='ltr'>situm</span> <span class='ocrx_word' id='word_1_45' title='bbox 1160 666 1294 714; x_wconf 87' lang='lat' dir='ltr'>inter</span> <span class='ocrx_word' id='word_1_46' title='bbox 1318 667 1444 715; x_wconf 89' lang='lat' dir='ltr'>duas</span> <span class='ocrx_word' id='word_1_47' title='bbox 1470 667 1659 732; x_wconf 83' lang='lat' dir='ltr'>SyrteS,</span> 
     </span>
     <span class='ocr_line' id='line_1_8' title="bbox 121 742 1662 805; baseline 0.008 -17"><span class='ocrx_word' id='word_1_48' title='bbox 121 742 305 805; x_wconf 89' lang='lat' dir='ltr'>quibus</span> <span class='ocrx_word' id='word_1_49' title='bbox 342 759 527 790; x_wconf 89' lang='lat' dir='ltr'>nomen</span> <span class='ocrx_word' id='word_1_50' title='bbox 564 761 629 792; x_wconf 81' lang='lat' dir='ltr'>ex</span> <span class='ocrx_word' id='word_1_51' title='bbox 667 762 720 793; x_wconf 91' lang='lat' dir='ltr'>re</span> <span class='ocrx_word' id='word_1_52' title='bbox 756 746 988 794; x_wconf 90' lang='lat' dir='ltr'>inditum.</span> <span class='ocrx_word' id='word_1_53' title='bbox 1066 748 1201 796; x_wconf 81' lang='lat' dir='ltr'>Nam</span> <span class='ocrx_word' id='word_1_54' title='bbox 1241 750 1340 797; x_wconf 92' lang='lat' dir='ltr'>duo</span> <span class='ocrx_word' id='word_1_55' title='bbox 1377 757 1499 799; x_wconf 90' lang='lat' dir='ltr'>sunt</span> <span class='ocrx_word' id='word_1_56' title='bbox 1521 753 1662 800; x_wconf 90' lang='lat' dir='ltr'>sinus</span> 
     </span>
     <span class='ocr_line' id='line_1_9' title="bbox 121 824 1662 899; baseline 0.008 -29"><span class='ocrx_word' id='word_1_57' title='bbox 121 839 276 888; x_wconf 91' lang='lat' dir='ltr'>prope</span> <span class='ocrx_word' id='word_1_58' title='bbox 318 824 373 872; x_wconf 92' lang='lat' dir='ltr'>in</span> <span class='ocrx_word' id='word_1_59' title='bbox 413 832 642 873; x_wconf 77' lang='lat' dir='ltr'>extrema</span> <span class='ocrx_word' id='word_1_60' title='bbox 674 827 869 887; x_wconf 66' lang='lat' dir='ltr'>Africa,</span> <span class='ocrx_word' id='word_1_61' title='bbox 908 829 1124 893; x_wconf 86' lang='lat' dir='ltr'>impares</span> <span class='ocrx_word' id='word_1_62' title='bbox 1161 834 1525 895; x_wconf 83' lang='lat' dir='ltr'>magnitudine,</span> <span class='ocrx_word' id='word_1_63' title='bbox 1552 836 1662 899; x_wconf 89' lang='lat' dir='ltr'>pari</span> 
     </span>
     <span class='ocr_line' id='line_1_10' title="bbox 119 911 1664 980; baseline 0.009 -27"><span class='ocrx_word' id='word_1_64' title='bbox 119 912 336 978; x_wconf 66' lang='lat' dir='ltr'>natura:</span> <span class='ocrx_word' id='word_1_65' title='bbox 373 925 587 972; x_wconf 90' lang='lat' dir='ltr'>quorum</span> <span class='ocrx_word' id='word_1_66' title='bbox 611 911 842 974; x_wconf 78' lang='lat' dir='ltr'>proxima</span> <span class='ocrx_word' id='word_1_67' title='bbox 868 918 1031 960; x_wconf 86' lang='lat' dir='ltr'>terrae</span> <span class='ocrx_word' id='word_1_68' title='bbox 1055 916 1281 977; x_wconf 88' lang='lat' dir='ltr'>praealta</span> <span class='ocrx_word' id='word_1_69' title='bbox 1306 923 1427 964; x_wconf 92' lang='lat' dir='ltr'>sunt</span> <span class='ocrx_word' id='word_1_70' title='bbox 1445 936 1458 980; x_wconf 99' lang='lat'><em>3</em></span> <span class='ocrx_word' id='word_1_71' title='bbox 1498 925 1664 966; x_wconf 87' lang='lat' dir='ltr'>cetera</span> 
     </span>
     <span class='ocr_line' id='line_1_11' title="bbox 112 979 1661 1062; baseline 0.008 -24"><span class='ocrx_word' id='word_1_72' title='bbox 112 992 205 1044; x_wconf 72' lang='lat' dir='ltr'>‚uti</span> <span class='ocrx_word' id='word_1_73' title='bbox 238 991 342 1039; x_wconf 86' lang='lat' dir='ltr'>fors</span> <span class='ocrx_word' id='word_1_74' title='bbox 372 993 496 1040; x_wconf 88' lang='lat' dir='ltr'>tulit</span> <span class='ocrx_word' id='word_1_75' title='bbox 517 981 632 1057; x_wconf 61' lang='lat' dir='ltr'>{alta</span> <span class='ocrx_word' id='word_1_76' title='bbox 649 1011 662 1055; x_wconf 88' lang='lat'><em>3</em></span> <span class='ocrx_word' id='word_1_77' title='bbox 698 979 800 1042; x_wconf 64' lang='lat' dir='ltr'>alia</span> <span class='ocrx_word' id='word_1_78' title='bbox 835 996 889 1042; x_wconf 92' lang='lat' dir='ltr'>in</span> <span class='ocrx_word' id='word_1_79' title='bbox 926 1002 1227 1062; x_wconf 80' lang='lat' dir='ltr'>tempestate</span> <span class='ocrx_word' id='word_1_80' title='bbox 1253 1000 1450 1049; x_wconf 83' lang='lat' dir='ltr'>vadosa.</span> <span class='ocrx_word' id='word_1_81' title='bbox 1527 1002 1661 1050; x_wconf 73' lang='lat' dir='ltr'>Nam</span> 
     </span>
     <span class='ocr_line' id='line_1_12' title="bbox 110 1061 1661 1148; baseline 0.008 -27"><span class='ocrx_word' id='word_1_82' title='bbox 110 1061 213 1122; x_wconf 75' lang='lat' dir='ltr'>uhi</span> <span class='ocrx_word' id='word_1_83' title='bbox 237 1092 374 1123; x_wconf 88' lang='lat' dir='ltr'>mare</span> <span class='ocrx_word' id='word_1_84' title='bbox 398 1093 636 1140; x_wconf 88' lang='lat' dir='ltr'>magnum</span> <span class='ocrx_word' id='word_1_85' title='bbox 662 1068 768 1125; x_wconf 84' lang='lat' dir='ltr'>esse</span> <span class='ocrx_word' id='word_1_86' title='bbox 793 1083 845 1125; x_wconf 90' lang='lat' dir='ltr'>et</span> <span class='ocrx_word' id='word_1_87' title='bbox 869 1081 1062 1128; x_wconf 83' lang='lat' dir='ltr'>saevire</span> <span class='ocrx_word' id='word_1_88' title='bbox 1087 1083 1254 1130; x_wconf 87' lang='lat' dir='ltr'>ventis</span> <span class='ocrx_word' id='word_1_89' title='bbox 1280 1085 1458 1148; x_wconf 90' lang='lat' dir='ltr'>coepit,</span> <span class='ocrx_word' id='word_1_90' title='bbox 1486 1085 1661 1132; x_wconf 91' lang='lat' dir='ltr'>limum</span> 
     </span>
     <span class='ocr_line' id='line_1_13' title="bbox 125 1163 1664 1226; baseline 0.008 -21"><span class='ocrx_word' id='word_1_91' title='bbox 125 1175 430 1223; x_wconf 88' lang='lat' dir='ltr'>arenamque</span> <span class='ocrx_word' id='word_1_92' title='bbox 455 1167 508 1208; x_wconf 92' lang='lat' dir='ltr'>et</span> <span class='ocrx_word' id='word_1_93' title='bbox 532 1178 655 1209; x_wconf 79' lang='lat' dir='ltr'>saxa</span> <span class='ocrx_word' id='word_1_94' title='bbox 679 1163 908 1226; x_wconf 87' lang='lat' dir='ltr'>ingentia</span> <span class='ocrx_word' id='word_1_95' title='bbox 932 1165 1116 1213; x_wconf 86' lang='lat' dir='ltr'>fluctus</span> <span class='ocrx_word' id='word_1_96' title='bbox 1141 1167 1374 1216; x_wconf 88' lang='lat' dir='ltr'>trahunt:</span> <span class='ocrx_word' id='word_1_97' title='bbox 1413 1169 1487 1216; x_wconf 88' lang='lat' dir='ltr'>ita</span> <span class='ocrx_word' id='word_1_98' title='bbox 1511 1169 1664 1218; x_wconf 81' lang='lat' dir='ltr'>facies</span> 
     </span>
     <span class='ocr_line' id='line_1_14' title="bbox 126 1244 1662 1317; baseline 0.005 -25"><span class='ocrx_word' id='word_1_99' title='bbox 126 1244 349 1292; x_wconf 91' lang='lat' dir='ltr'>locorum</span> <span class='ocrx_word' id='word_1_100' title='bbox 375 1261 489 1292; x_wconf 94' lang='lat' dir='ltr'>cum</span> <span class='ocrx_word' id='word_1_101' title='bbox 513 1245 682 1292; x_wconf 78' lang='lat' dir='ltr'>ventis</span> <span class='ocrx_word' id='word_1_102' title='bbox 706 1246 857 1292; x_wconf 87' lang='lat' dir='ltr'>simul</span> <span class='ocrx_word' id='word_1_103' title='bbox 882 1252 1123 1296; x_wconf 90' lang='lat' dir='ltr'>mutatur.</span> <span class='ocrx_word' id='word_1_104' title='bbox 1202 1247 1398 1317; x_wconf 86' lang='lat' dir='ltr'>[Syrtes</span> <span class='ocrx_word' id='word_1_105' title='bbox 1418 1252 1481 1299; x_wconf 90' lang='lat' dir='ltr'>ab</span> <span class='ocrx_word' id='word_1_106' title='bbox 1497 1257 1662 1300; x_wconf 90' lang='lat' dir='ltr'>tractu</span> 
     </span>
     <span class='ocr_line' id='line_1_15' title="bbox 126 1325 1666 1396; baseline 0.006 -20"><span class='ocrx_word' id='word_1_107' title='bbox 126 1325 454 1395; x_wconf 70' lang='lat' dir='ltr'>nominatae]</span> <span class='ocrx_word' id='word_1_108' title='bbox 527 1329 654 1393; x_wconf 86' lang='lat' dir='ltr'>Ejus</span> <span class='ocrx_word' id='word_1_109' title='bbox 680 1331 903 1379; x_wconf 73' lang='lat' dir='ltr'>civitatis</span> <span class='ocrx_word' id='word_1_110' title='bbox 928 1333 1103 1396; x_wconf 89' lang='lat' dir='ltr'>lingua</span> <span class='ocrx_word' id='word_1_111' title='bbox 1128 1336 1276 1383; x_wconf 89' lang='lat' dir='ltr'>modo</span> <span class='ocrx_word' id='word_1_112' title='bbox 1296 1353 1537 1385; x_wconf 81' lang='lat' dir='ltr'>conversa</span> <span class='ocrx_word' id='word_1_113' title='bbox 1556 1355 1666 1385; x_wconf 89' lang='lat' dir='ltr'>con-</span> 
     </span>
     <span class='ocr_line' id='line_1_16' title="bbox 127 1412 1665 1485; baseline 0.009 -27"><span class='ocrx_word' id='word_1_114' title='bbox 127 1412 283 1460; x_wconf 92' lang='lat' dir='ltr'>nubio</span> <span class='ocrx_word' id='word_1_115' title='bbox 299 1412 640 1461; x_wconf 85' lang='lat' dir='ltr'>Numidarum</span> <span class='ocrx_word' id='word_1_116' title='bbox 652 1432 664 1475; x_wconf 93' lang='lat'><em>3</em></span> <span class='ocrx_word' id='word_1_117' title='bbox 702 1415 835 1478; x_wconf 84' lang='lat' dir='ltr'>leges</span> <span class='ocrx_word' id='word_1_118' title='bbox 856 1417 1122 1482; x_wconf 88' lang='lat' dir='ltr'>cultusque</span> <span class='ocrx_word' id='word_1_119' title='bbox 1147 1420 1385 1485; x_wconf 88' lang='lat' dir='ltr'>pleraque</span> <span class='ocrx_word' id='word_1_120' title='bbox 1407 1421 1643 1471; x_wconf 84' lang='lat' dir='ltr'>Sidonica</span> <span class='ocrx_word' id='word_1_121' title='bbox 1654 1443 1665 1484; x_wconf 85' lang='lat'><em>3</em></span> 
     </span>
     <span class='ocr_line' id='line_1_17' title="bbox 127 1495 1667 1570; baseline 0.008 -29"><span class='ocrx_word' id='word_1_122' title='bbox 127 1511 256 1558; x_wconf 93' lang='lat' dir='ltr'>quae</span> <span class='ocrx_word' id='word_1_123' title='bbox 297 1511 356 1543; x_wconf 95' lang='lat' dir='ltr'>eo</span> <span class='ocrx_word' id='word_1_124' title='bbox 397 1495 598 1544; x_wconf 83' lang='lat' dir='ltr'>facilius</span> <span class='ocrx_word' id='word_1_125' title='bbox 639 1498 944 1559; x_wconf 84' lang='lat' dir='ltr'>retinebant,</span> <span class='ocrx_word' id='word_1_126' title='bbox 983 1502 1115 1564; x_wconf 90' lang='lat' dir='ltr'>quod</span> <span class='ocrx_word' id='word_1_127' title='bbox 1153 1505 1327 1566; x_wconf 90' lang='lat' dir='ltr'>procul</span> <span class='ocrx_word' id='word_1_128' title='bbox 1364 1506 1427 1552; x_wconf 90' lang='lat' dir='ltr'>ab</span> <span class='ocrx_word' id='word_1_129' title='bbox 1456 1506 1667 1570; x_wconf 88' lang='lat' dir='ltr'>imperio</span> 
     </span>
     <span class='ocr_line' id='line_1_18' title="bbox 129 1578 1667 1652; baseline 0.01 -29"><span class='ocrx_word' id='word_1_130' title='bbox 129 1578 260 1641; x_wconf 89' lang='lat' dir='ltr'>regis</span> <span class='ocrx_word' id='word_1_131' title='bbox 284 1583 503 1626; x_wconf 88' lang='lat' dir='ltr'>aetatem</span> <span class='ocrx_word' id='word_1_132' title='bbox 529 1581 757 1643; x_wconf 85' lang='lat' dir='ltr'>agebant.</span> <span class='ocrx_word' id='word_1_133' title='bbox 834 1582 980 1631; x_wconf 81' lang='lat' dir='ltr'>Inter</span> <span class='ocrx_word' id='word_1_134' title='bbox 1004 1585 1116 1633; x_wconf 92' lang='lat' dir='ltr'>illos</span> <span class='ocrx_word' id='word_1_135' title='bbox 1143 1592 1194 1633; x_wconf 87' lang='lat' dir='ltr'>et</span> <span class='ocrx_word' id='word_1_136' title='bbox 1218 1587 1534 1652; x_wconf 80' lang='lat' dir='ltr'>frequentem</span> <span class='ocrx_word' id='word_1_137' title='bbox 1561 1590 1667 1638; x_wconf 80' lang='lat' dir='ltr'>Nu-</span> 
     </span>
     <span class='ocr_line' id='line_1_19' title="bbox 129 1661 1070 1728; baseline 0.01 -21"><span class='ocrx_word' id='word_1_138' title='bbox 129 1661 335 1708; x_wconf 88' lang='lat' dir='ltr'>midiam</span> <span class='ocrx_word' id='word_1_139' title='bbox 361 1663 512 1710; x_wconf 92' lang='lat' dir='ltr'>multi</span> <span class='ocrx_word' id='word_1_140' title='bbox 536 1665 768 1728; x_wconf 85' lang='lat' dir='ltr'>vastique</span> <span class='ocrx_word' id='word_1_141' title='bbox 793 1666 889 1714; x_wconf 90' lang='lat' dir='ltr'>loci</span> <span class='ocrx_word' id='word_1_142' title='bbox 915 1675 1070 1716; x_wconf 90' lang='lat' dir='ltr'>erant.</span> 
     </span>
    </p>

    <p class='ocr_par' dir='ltr' id='par_1_4' title="bbox 129 1743 1673 2894">
     <span class='ocr_line' id='line_1_20' title="bbox 236 1743 1668 1821; baseline 0.01 -30"><span class='ocrx_word' id='word_1_143' title='bbox 236 1743 493 1793; x_wconf 91' lang='lat' dir='ltr'>LXXIX.</span> <span class='ocrx_word' id='word_1_144' title='bbox 514 1791 517 1794; x_wconf 78' lang='grc'>,</span> <span class='ocrx_word' id='word_1_145' title='bbox 571 1746 669 1794; x_wconf 89' lang='lat' dir='ltr'>Sed</span> <span class='ocrx_word' id='word_1_146' title='bbox 695 1750 931 1811; x_wconf 87' lang='lat' dir='ltr'>quoniam</span> <span class='ocrx_word' id='word_1_147' title='bbox 952 1751 1006 1798; x_wconf 90' lang='lat' dir='ltr'>in</span> <span class='ocrx_word' id='word_1_148' title='bbox 1030 1752 1121 1799; x_wconf 87' lang='lat' dir='ltr'>has</span> <span class='ocrx_word' id='word_1_149' title='bbox 1146 1754 1373 1817; x_wconf 86' lang='lat' dir='ltr'>regiones</span> <span class='ocrx_word' id='word_1_150' title='bbox 1392 1773 1482 1820; x_wconf 91' lang='lat' dir='ltr'>per</span> <span class='ocrx_word' id='word_1_151' title='bbox 1500 1756 1668 1821; x_wconf 89' lang='lat' dir='ltr'>Lepti-</span> 
     </span>
     <span class='ocr_line' id='line_1_21' title="bbox 130 1829 1668 1903; baseline 0.01 -30"><span class='ocrx_word' id='word_1_152' title='bbox 130 1832 365 1874; x_wconf 90' lang='lat' dir='ltr'>tanorum</span> <span class='ocrx_word' id='word_1_153' title='bbox 390 1829 593 1892; x_wconf 85' lang='lat' dir='ltr'>negotia</span> <span class='ocrx_word' id='word_1_154' title='bbox 617 1831 864 1891; x_wconf 82' lang='lat' dir='ltr'>venimus,</span> <span class='ocrx_word' id='word_1_155' title='bbox 891 1850 993 1880; x_wconf 92' lang='lat' dir='ltr'>non</span> <span class='ocrx_word' id='word_1_156' title='bbox 1018 1835 1282 1899; x_wconf 88' lang='lat' dir='ltr'>indignum</span> <span class='ocrx_word' id='word_1_157' title='bbox 1309 1839 1513 1887; x_wconf 78' lang='lat' dir='ltr'>videtur</span> <span class='ocrx_word' id='word_1_158' title='bbox 1537 1856 1668 1903; x_wconf 86' lang='lat' dir='ltr'>egre-</span> 
     </span>
     <span class='ocr_line' id='line_1_22' title="bbox 129 1911 1667 1986; baseline 0.01 -30"><span class='ocrx_word' id='word_1_159' title='bbox 129 1911 269 1974; x_wconf 92' lang='lat' dir='ltr'>gium</span> <span class='ocrx_word' id='word_1_160' title='bbox 293 1916 445 1975; x_wconf 86' lang='lat' dir='ltr'>atque</span> <span class='ocrx_word' id='word_1_161' title='bbox 465 1913 694 1961; x_wconf 89' lang='lat' dir='ltr'>mirabile</span> <span class='ocrx_word' id='word_1_162' title='bbox 718 1914 916 1963; x_wconf 85' lang='lat' dir='ltr'>facinus</span> <span class='ocrx_word' id='word_1_163' title='bbox 941 1917 1155 1966; x_wconf 89' lang='lat' dir='ltr'>duorum</span> <span class='ocrx_word' id='word_1_164' title='bbox 1177 1920 1667 1986; x_wconf 83' lang='lat' dir='ltr'>Carthaginiensium</span> 
     </span>
     <span class='ocr_line' id='line_1_23' title="bbox 130 1999 1670 2064; baseline 0.01 -25"><span class='ocrx_word' id='word_1_165' title='bbox 130 2009 435 2042; x_wconf 89' lang='lat' dir='ltr'>memorare:</span> <span class='ocrx_word' id='word_1_166' title='bbox 473 2011 583 2042; x_wconf 90' lang='lat' dir='ltr'>eam</span> <span class='ocrx_word' id='word_1_167' title='bbox 616 2013 721 2044; x_wconf 90' lang='lat' dir='ltr'>rem</span> <span class='ocrx_word' id='word_1_168' title='bbox 757 2014 848 2045; x_wconf 89' lang='lat' dir='ltr'>nos</span> <span class='ocrx_word' id='word_1_169' title='bbox 884 1999 1022 2048; x_wconf 88' lang='lat' dir='ltr'>locus</span> <span class='ocrx_word' id='word_1_170' title='bbox 1055 2002 1329 2052; x_wconf 83' lang='lat' dir='ltr'>admonuit.</span> <span class='ocrx_word' id='word_1_171' title='bbox 1407 2005 1520 2064; x_wconf 83' lang='lat' dir='ltr'>Qua</span> <span class='ocrx_word' id='word_1_172' title='bbox 1549 2012 1670 2055; x_wconf 90' lang='lat' dir='ltr'>tem-</span> 
     </span>
     <span class='ocr_line' id='line_1_24' title="bbox 131 2077 1668 2153; baseline 0.01 -30"><span class='ocrx_word' id='word_1_173' title='bbox 131 2082 325 2140; x_wconf 87' lang='lat' dir='ltr'>pestate</span> <span class='ocrx_word' id='word_1_174' title='bbox 336 2077 776 2142; x_wconf 85' lang='lat' dir='ltr'>Carthaginienses</span> <span class='ocrx_word' id='word_1_175' title='bbox 791 2082 1058 2147; x_wconf 88' lang='lat' dir='ltr'>pleraeque</span> <span class='ocrx_word' id='word_1_176' title='bbox 1068 2086 1276 2135; x_wconf 83' lang='lat' dir='ltr'>Africae</span> <span class='ocrx_word' id='word_1_177' title='bbox 1293 2088 1668 2153; x_wconf 85' lang='lat' dir='ltr'>imperitabant,</span> 
     </span>
     <span class='ocr_line' id='line_1_25' title="bbox 133 2160 1671 2239; baseline 0.01 -31"><span class='ocrx_word' id='word_1_178' title='bbox 133 2160 444 2224; x_wconf 86' lang='lat' dir='ltr'>Cyrenenses</span> <span class='ocrx_word' id='word_1_179' title='bbox 459 2179 656 2227; x_wconf 91' lang='lat' dir='ltr'>quoque</span> <span class='ocrx_word' id='word_1_180' title='bbox 676 2167 846 2229; x_wconf 90' lang='lat' dir='ltr'>magni</span> <span class='ocrx_word' id='word_1_181' title='bbox 871 2172 1022 2231; x_wconf 88' lang='lat' dir='ltr'>atque</span> <span class='ocrx_word' id='word_1_182' title='bbox 1048 2171 1276 2234; x_wconf 89' lang='lat' dir='ltr'>opulenti</span> <span class='ocrx_word' id='word_1_183' title='bbox 1300 2173 1453 2222; x_wconf 82' lang='lat' dir='ltr'>fuere.</span> <span class='ocrx_word' id='word_1_184' title='bbox 1529 2175 1671 2239; x_wconf 89' lang='lat' dir='ltr'>Ager</span> 
     </span>
     <span class='ocr_line' id='line_1_26' title="bbox 133 2243 1670 2321; baseline 0.01 -31"><span class='ocrx_word' id='word_1_185' title='bbox 133 2243 187 2290; x_wconf 92' lang='lat' dir='ltr'>in</span> <span class='ocrx_word' id='word_1_186' title='bbox 211 2243 376 2292; x_wconf 90' lang='lat' dir='ltr'>medio</span> <span class='ocrx_word' id='word_1_187' title='bbox 411 2261 665 2306; x_wconf 89' lang='lat' dir='ltr'>arenosus,</span> <span class='ocrx_word' id='word_1_188' title='bbox 692 2264 794 2296; x_wconf 89' lang='lat' dir='ltr'>una</span> <span class='ocrx_word' id='word_1_189' title='bbox 830 2251 993 2313; x_wconf 91' lang='lat' dir='ltr'>specie</span> <span class='ocrx_word' id='word_1_190' title='bbox 1011 2270 1024 2312; x_wconf 92' lang='lat'><em>3</em></span> <span class='ocrx_word' id='word_1_191' title='bbox 1061 2269 1222 2317; x_wconf 88' lang='lat' dir='ltr'>neque</span> <span class='ocrx_word' id='word_1_192' title='bbox 1265 2255 1468 2316; x_wconf 87' lang='lat' dir='ltr'>flumen,</span> <span class='ocrx_word' id='word_1_193' title='bbox 1508 2273 1670 2321; x_wconf 88' lang='lat' dir='ltr'>neque</span> 
     </span>
     <span class='ocr_line' id='line_1_27' title="bbox 134 2316 1669 2402; baseline 0.011 -30"><span class='ocrx_word' id='word_1_194' title='bbox 134 2342 277 2374; x_wconf 89' lang='lat' dir='ltr'>mons</span> <span class='ocrx_word' id='word_1_195' title='bbox 301 2333 425 2388; x_wconf 88' lang='lat' dir='ltr'>erat,</span> <span class='ocrx_word' id='word_1_196' title='bbox 442 2329 530 2392; x_wconf 90' lang='lat' dir='ltr'>qui</span> <span class='ocrx_word' id='word_1_197' title='bbox 554 2330 678 2377; x_wconf 90' lang='lat' dir='ltr'>fines</span> <span class='ocrx_word' id='word_1_198' title='bbox 698 2316 869 2379; x_wconf 66' lang='lat' dir='ltr'>eorum</span> <span class='ocrx_word' id='word_1_199' title='bbox 890 2333 1198 2384; x_wconf 86' lang='lat' dir='ltr'>discerneret</span> <span class='ocrx_word' id='word_1_200' title='bbox 1215 2355 1226 2397; x_wconf 91' lang='lat'><em>3</em></span> <span class='ocrx_word' id='word_1_201' title='bbox 1264 2354 1391 2402; x_wconf 87' lang='lat' dir='ltr'>quae</span> <span class='ocrx_word' id='word_1_202' title='bbox 1417 2356 1495 2387; x_wconf 88' lang='lat' dir='ltr'>res</span> <span class='ocrx_word' id='word_1_203' title='bbox 1515 2356 1597 2388; x_wconf 91' lang='lat' dir='ltr'>eos</span> <span class='ocrx_word' id='word_1_204' title='bbox 1616 2342 1669 2388; x_wconf 90' lang='lat' dir='ltr'>in</span> 
     </span>
     <span class='ocr_line' id='line_1_28' title="bbox 135 2408 1668 2486; baseline 0.01 -32"><span class='ocrx_word' id='word_1_205' title='bbox 135 2424 315 2471; x_wconf 88' lang='lat' dir='ltr'>magno</span> <span class='ocrx_word' id='word_1_206' title='bbox 339 2408 679 2476; x_wconf 79' lang='lat' dir='ltr'>diuturnoque</span> <span class='ocrx_word' id='word_1_207' title='bbox 704 2414 836 2462; x_wconf 90' lang='lat' dir='ltr'>bello</span> <span class='ocrx_word' id='word_1_208' title='bbox 872 2416 1006 2463; x_wconf 90' lang='lat' dir='ltr'>inter</span> <span class='ocrx_word' id='word_1_209' title='bbox 1044 2434 1096 2465; x_wconf 88' lang='lat' dir='ltr'>se</span> <span class='ocrx_word' id='word_1_210' title='bbox 1129 2418 1318 2467; x_wconf 87' lang='lat' dir='ltr'>habuit.</span> <span class='ocrx_word' id='word_1_211' title='bbox 1395 2420 1668 2486; x_wconf 87' lang='lat' dir='ltr'>Postquam</span> 
     </span>
     <span class='ocr_line' id='line_1_29' title="bbox 135 2491 1673 2568; baseline 0.01 -31"><span class='ocrx_word' id='word_1_212' title='bbox 135 2491 390 2555; x_wconf 87' lang='lat' dir='ltr'>utrimque</span> <span class='ocrx_word' id='word_1_213' title='bbox 427 2492 661 2556; x_wconf 88' lang='lat' dir='ltr'>legiones,</span> <span class='ocrx_word' id='word_1_214' title='bbox 705 2496 826 2544; x_wconf 90' lang='lat' dir='ltr'>item</span> <span class='ocrx_word' id='word_1_215' title='bbox 864 2499 1044 2546; x_wconf 84' lang='lat' dir='ltr'>classes</span> <span class='ocrx_word' id='word_1_216' title='bbox 1080 2500 1222 2548; x_wconf 84' lang='lat' dir='ltr'>fusae</span> <span class='ocrx_word' id='word_1_217' title='bbox 1263 2501 1582 2568; x_wconf 83' lang='lat' dir='ltr'>fugataeque,</span> <span class='ocrx_word' id='word_1_218' title='bbox 1621 2514 1673 2552; x_wconf 86' lang='lat' dir='ltr'>et</span> 
     </span>
     <span class='ocr_line' id='line_1_30' title="bbox 135 2573 1668 2646; baseline 0.01 -26"><span class='ocrx_word' id='word_1_219' title='bbox 135 2573 282 2621; x_wconf 73' lang='lat' dir='ltr'>alteri</span> <span class='ocrx_word' id='word_1_220' title='bbox 317 2574 502 2622; x_wconf 85' lang='lat' dir='ltr'>alteros</span> <span class='ocrx_word' id='word_1_221' title='bbox 537 2577 854 2641; x_wconf 90' lang='lat' dir='ltr'>aliquantum</span> <span class='ocrx_word' id='word_1_222' title='bbox 891 2582 1222 2644; x_wconf 86' lang='lat' dir='ltr'>adtriverant,</span> <span class='ocrx_word' id='word_1_223' title='bbox 1250 2587 1414 2646; x_wconf 85' lang='lat' dir='ltr'>veriti,</span> <span class='ocrx_word' id='word_1_224' title='bbox 1453 2604 1516 2635; x_wconf 90' lang='lat' dir='ltr'>ne</span> <span class='ocrx_word' id='word_1_225' title='bbox 1554 2605 1668 2636; x_wconf 86' lang='lat' dir='ltr'>mox</span> 
     </span>
     <span class='ocr_line' id='line_1_31' title="bbox 135 2657 1672 2734; baseline 0.011 -32"><span class='ocrx_word' id='word_1_226' title='bbox 135 2657 296 2704; x_wconf 88' lang='lat' dir='ltr'>victos</span> <span class='ocrx_word' id='word_1_227' title='bbox 321 2657 635 2722; x_wconf 87' lang='lat' dir='ltr'>victoresque</span> <span class='ocrx_word' id='word_1_228' title='bbox 670 2661 891 2711; x_wconf 77' lang='lat' dir='ltr'>defessos</span> <span class='ocrx_word' id='word_1_229' title='bbox 927 2665 1056 2712; x_wconf 88' lang='lat' dir='ltr'>alius</span> <span class='ocrx_word' id='word_1_230' title='bbox 1092 2667 1461 2730; x_wconf 86' lang='lat' dir='ltr'>aggrederetur,</span> <span class='ocrx_word' id='word_1_231' title='bbox 1487 2687 1577 2734; x_wconf 90' lang='lat' dir='ltr'>per</span> <span class='ocrx_word' id='word_1_232' title='bbox 1600 2672 1672 2718; x_wconf 88' lang='lat' dir='ltr'>in-</span> 
     </span>
     <span class='ocr_line' id='line_1_32' title="bbox 135 2739 1670 2816; baseline 0.01 -30"><span class='ocrx_word' id='word_1_233' title='bbox 135 2739 310 2787; x_wconf 88' lang='lat' dir='ltr'>ducias</span> <span class='ocrx_word' id='word_1_234' title='bbox 334 2740 651 2804; x_wconf 88' lang='lat' dir='ltr'>sponsionem</span> <span class='ocrx_word' id='word_1_235' title='bbox 677 2743 889 2805; x_wconf 83' lang='lat' dir='ltr'>faciunt,</span> <span class='ocrx_word' id='word_1_236' title='bbox 931 2752 958 2773; x_wconf 91' lang='lat'><strong>“</strong></span> <span class='ocrx_word' id='word_1_237' title='bbox 977 2749 1053 2795; x_wconf 89' lang='lat' dir='ltr'>uti</span> <span class='ocrx_word' id='word_1_238' title='bbox 1079 2755 1215 2796; x_wconf 89' lang='lat' dir='ltr'>certo</span> <span class='ocrx_word' id='word_1_239' title='bbox 1240 2750 1321 2798; x_wconf 90' lang='lat' dir='ltr'>die</span> <span class='ocrx_word' id='word_1_240' title='bbox 1345 2752 1499 2816; x_wconf 89' lang='lat' dir='ltr'>legati</span> <span class='ocrx_word' id='word_1_241' title='bbox 1524 2753 1670 2801; x_wconf 89' lang='lat' dir='ltr'>domo</span> 
     </span>
     <span class='ocr_line' id='line_1_33' title="bbox 135 2822 1671 2894; baseline 0.01 -26"><span class='ocrx_word' id='word_1_242' title='bbox 135 2822 599 2886; x_wconf 85' lang='lat' dir='ltr'>proficiscerentur;</span> <span class='ocrx_word' id='word_1_243' title='bbox 636 2841 735 2889; x_wconf 94' lang='lat' dir='ltr'>quo</span> <span class='ocrx_word' id='word_1_244' title='bbox 760 2827 813 2874; x_wconf 89' lang='lat' dir='ltr'>in</span> <span class='ocrx_word' id='word_1_245' title='bbox 839 2829 946 2876; x_wconf 86' lang='lat' dir='ltr'>loco</span> <span class='ocrx_word' id='word_1_246' title='bbox 971 2830 1104 2878; x_wconf 88' lang='lat' dir='ltr'>inter</span> <span class='ocrx_word' id='word_1_247' title='bbox 1128 2848 1179 2879; x_wconf 89' lang='lat' dir='ltr'>se</span> <span class='ocrx_word' id='word_1_248' title='bbox 1205 2833 1340 2881; x_wconf 82' lang='lat' dir='ltr'>obvii</span> <span class='ocrx_word' id='word_1_249' title='bbox 1372 2834 1601 2894; x_wconf 85' lang='lat' dir='ltr'>fuissent,</span> <span class='ocrx_word' id='word_1_250' title='bbox 1630 2836 1671 2883; x_wconf 90' lang='lat' dir='ltr'>is</span> 
     </span>
    </p>
   </div>
  </div>
 </body>
</html>
