1875 3133
445 112 834 163 SALLUSTII
874 114 1268 163 JUGURTHA.
1553 114 1617 161 43

86 223 301 271 millium
319 223 548 287 peditum
563 228 786 271 montem
806 229 1032 287 occupat,
1049 240 1148 287 qua
1167 223 1408 271 Metellus
1423 223 1621 272 descen-

86 305 232 354 derat
246 323 260 367 3
296 322 359 353 ne
383 305 515 353 forte
540 306 833 354 cedentibus
852 306 1152 354 adversariis
1176 307 1401 370 receptui
1426 323 1482 354 ac
1507 313 1622 370 post

84 389 399 437 munimento
414 390 575 437 foret:
613 390 731 437 dein
745 396 966 453 repente,
985 390 1126 453 signo
1142 389 1276 449 dato,
1296 389 1465 438 hostes
1483 390 1620 438 inva-

85 472 174 520 dit.
226 473 481 521 Numidae
500 473 587 520 alii
606 479 883 537 postremos
909 474 1127 533 caedere,
1154 491 1270 537 pars
1290 491 1320 521 a
1339 474 1544 521 sinistra
1563 491 1620 521 ac

85 556 295 604 dextera
317 562 530 616 tentare,
555 557 742 604 infensi
767 557 937 605 adesse
971 564 1121 621 atque
1158 558 1361 618 instare,
1389 559 1620 606 omnibus

86 638 206 686 locis
232 638 578 687 Romanorum
614 640 814 687 ordines
851 642 1180 701 conturbare3
1217 658 1430 704 quorum
1467 642 1619 689 etiam

84 723 172 787 qui
195 723 499 771 firmioribus
524 724 706 772 animis
731 725 867 772 obvii
891 725 1120 772 hostibus
1145 725 1351 774 fuerant
1373 726 1621 774 ludificati

83 807 276 854 incerto
299 807 488 870 praelio
512 808 609 871 ipsi
644 808 791 855 modo
828 809 1023 855 eminus
1060 809 1432 869 sauciabantur,
1458 827 1620 874 neque

84 896 260 939 contra
305 891 521 940 feriendi
568 897 659 939 aut
707 909 912 939 manum
964 893 1258 940 conserendi
1306 893 1448 957 copia
1495 903 1614 942 erat

84 975 258 1022 Antea
297 975 404 1038 jam
457 974 594 1022 docti
641 975 704 1021 ab
751 974 788 1022 J
792 974 1011 1037 ugurtha
1059 975 1267 1038 equites,
1317 976 1619 1040 ubicumque

85 1057 430 1105 Romanorum
467 1058 618 1104 turba
653 1057 851 1120 insequi
899 1063 1145 1120 coeperat,
1184 1075 1287 1106 non
1335 1059 1617 1119 confertim,

83 1157 244 1204 neque
280 1141 334 1188 in
370 1157 528 1187 unum
565 1157 670 1187 sese
706 1140 1030 1203 recipiebant,
1059 1141 1145 1188 sed
1182 1141 1312 1188 alius
1345 1142 1444 1190 alio
1469 1159 1619 1206 quam

82 1225 300 1273 maxime
344 1225 542 1272 diversi.
620 1224 706 1272 Ita
754 1242 964 1273 numero
1018 1226 1209 1289 priores
1258 1227 1301 1274 si
1349 1229 1412 1276 ab
1459 1245 1620 1292 perse-

81 1307 280 1371 quendo
294 1307 463 1355 hostes
482 1307 734 1354 deterrere
753 1308 1102 1371 nequiverant,
1125 1309 1360 1372 disjectos
1379 1311 1442 1358 ab
1462 1316 1618 1374 tergo,

81 1394 172 1437 aut
194 1389 437 1437 lateribus
463 1390 926 1437 circumveniebant
942 1408 955 1452 3
993 1391 1072 1438 sin
1105 1392 1435 1455 opportunior
1470 1392 1619 1456 fugae

80 1471 221 1519 collis
245 1488 395 1535 quam
421 1473 585 1536 campi
609 1472 828 1531 fuerant,
868 1489 926 1520 ea
951 1489 1070 1520 vero
1107 1475 1335 1522 consueti
1374 1475 1620 1523 Numida-

79 1571 192 1602 rum
217 1555 334 1618 equi
365 1555 513 1603 facile
549 1556 684 1603 inter
719 1556 943 1619 virgulta
979 1556 1191 1605 evadere
1208 1575 1221 1618 3
1259 1563 1457 1606 nostros
1483 1575 1620 1622 aspe-

78 1639 206 1686 ritas
231 1645 284 1686 et
307 1639 577 1687 insolentia
600 1640 698 1687 loci
721 1641 1021 1688 retinebant.

182 1722 269 1770 LI.
346 1723 582 1771 Ceterum
619 1723 773 1771 facies
809 1724 967 1771 totius
1002 1726 1193 1788 negotii
1225 1726 1381 1785 varia,
1408 1727 1615 1787 incerta,

77 1804 240 1864 foeda,
267 1810 418 1869 atque
454 1806 753 1853 miserabilis
770 1824 782 1866 3
820 1806 1033 1870 dispersi
1069 1825 1098 1854 a
1134 1809 1238 1856 suis
1273 1826 1390 1872 pars
1426 1811 1615 1871 cedere,

77 1887 167 1934 alii
206 1886 403 1950 insequi
419 1904 432 1947 3
483 1903 644 1950 neque
687 1887 829 1950 signa
870 1905 1031 1952 neque
1074 1889 1274 1938 ordines
1322 1892 1585 1941 observare
1603 1912 1615 1954 3

78 1974 167 2022 ubi
206 1990 454 2038 quemque
495 1975 774 2038 periculum
813 1982 1027 2039 ceperat,
1054 1977 1126 2024 ibi
1158 1978 1389 2027 resistere
1415 1997 1472 2027 ac
1507 1997 1615 2044 pro-

77 2056 307 2120 pulsare3
343 2073 498 2116 arma,
525 2057 641 2117 tela,
668 2058 799 2121 equi,
827 2058 940 2117 viri,
967 2059 1151 2119 hostes,
1180 2061 1314 2109 cives
1338 2063 1613 2126 permixti,

78 2138 205 2185 nihil
246 2139 453 2187 consilio
488 2156 650 2202 neque
686 2140 897 2203 imperio
929 2141 1040 2204 agi3
1077 2141 1181 2190 fors
1223 2145 1392 2192 omnia
1427 2162 1607 2209 regere.

79 2221 260 2284 Itaque
278 2222 497 2269 multum
523 2221 624 2269 diei
647 2229 971 2286 processerat,
990 2241 1145 2287 quum
1166 2227 1318 2273 etiam
1338 2233 1448 2275 tum
1468 2245 1613 2277 even-

77 2314 160 2355 tus
184 2307 239 2354 in
262 2306 455 2354 incerto
478 2311 599 2354 erat.
676 2306 909 2371 Denique
940 2310 1173 2357 omnibus
1197 2311 1366 2360 labore
1391 2317 1444 2359 et
1467 2320 1609 2362 aestu

76 2389 342 2453 languidis,
369 2389 624 2450 Metellus
651 2391 740 2438 ubi
764 2392 907 2439 videt
931 2392 1182 2442 Numidas
1207 2394 1374 2442 minus
1403 2396 1608 2456 instare,

75 2471 339 2536 paullatim
355 2472 542 2520 milites
557 2473 611 2520 in
630 2490 787 2520 unum
808 2474 1059 2534 conducit,
1078 2475 1277 2523 ordines
1297 2478 1536 2538 restituit,
1558 2486 1611 2526 et

73 2554 302 2602 cohortes
326 2555 624 2618 legionarias
648 2562 866 2620 quatuor
890 2558 1156 2605 adversum
1176 2559 1370 2622 pedites
1386 2560 1605 2610 hostium

73 2637 295 2685 collocat.
371 2638 561 2686 Eorum
584 2656 768 2703 magna
790 2658 907 2704 pars
943 2643 1283 2705 superioribus
1318 2644 1440 2693 locis
1476 2647 1607 2696 fessa

71 2720 375 2768 consederat.
452 2720 614 2769 Simul
649 2739 806 2783 orare,
832 2724 1024 2772 hortari
1060 2726 1261 2786 milites,
1302 2732 1409 2777 “ne
1434 2730 1606 2780 defice-

72 2807 201 2862 rent,
237 2818 337 2850 neu
371 2808 668 2866 paterentur
703 2804 871 2853 hostes
900 2806 1152 2870 fugientes
1176 2810 1376 2860 vincere
1394 2830 1407 2873 3
1444 2830 1604 2878 neque
