1875 3117
137 101 199 149 72
491 103 879 155 SALLUSTII
920 108 1327 161 JUGURTIIA.

130 213 442 278 Jugurtham
482 221 650 264 tutata
686 226 822 279 sunt,
853 222 1024 270 onmia
1059 224 1362 284 removistis,
1392 225 1677 288 avaritiam,

132 296 454 361 imperitiam,
475 301 774 363 superbiam.
853 302 1051 352 Deinde
1077 307 1333 357 exercitus
1356 308 1428 357 ibi
1451 314 1532 359 ent
1552 309 1678 360 1000-

132 396 242 428 rum
270 381 455 442 sciens;
488 383 573 430 sed
602 384 885 434 mehercule
912 389 1071 452 magis
1095 396 1334 440 strenuus
1357 406 1509 457 quam
1534 391 1675 443 felix.

132 463 266 511 Nam
302 481 484 526 magua
516 482 633 530 pars
666 469 775 530 ejus
808 471 1026 520 avaritia
1050 480 1143 521 aut
1175 474 1462 524 temeritato
1490 474 1676 525 ducum

131 547 311 595 attrita
358 555 446 595 est.
535 550 873 608 Quamobrem
924 571 1028 615 vos,
1078 558 1263 621 quibus
1315 559 1553 609 militaris
1599 567 1680 610 ent

131 638 284 689 aetas,
328 632 621 681 annitimini
664 651 858 684 mecum
902 644 955 685 et
997 641 1242 703 capessite
1284 642 1679 707 rempublicam;

133 730 291 777 neque
329 732 629 780 quemquam
669 736 730 766 ex
769 720 1058 770 calamitate
1095 723 1309 773 aliorum
1342 733 1435 774 aut
1469 726 1679 791 impera-

133 806 296 846 torum
324 801 560 863 superbia
585 811 749 850 metus
775 805 976 868 ceperit.
1054 806 1270 869 Egomet
1297 808 1352 856 in
1383 809 1600 874 agmine,
1624 810 1678 858 in

132 882 334 945 proelio,
378 885 637 933 consultor
678 886 809 934 idem
854 896 905 935 et
953 890 1118 937 socius
1165 891 1377 955 periculi
1418 892 1677 942 vobiscum

131 966 311 1027 adero;
350 985 527 1033 meque
555 987 741 1034 vosque
773 972 824 1019 iu
859 973 1093 1021 omuibus
1128 975 1278 1023 rebus
1304 974 1460 1038 juxta
1489 991 1673 1040 gemm.

134 1050 202 1099 Et
242 1051 470 1115 profecto
509 1052 586 1100 dis
622 1054 926 1116 juvantibus
963 1058 1133 1105 omnia
1169 1065 1372 1107 matura
1405 1065 1543 1119 sunt,
1580 1058 1680 1108 vio-

132 1134 276 1194 toria,
311 1135 512 1199 praeda,
552 1136 661 1184 laus
680 1155 692 1198 ;
730 1155 857 1202 quae
891 1140 932 1186 si
971 1139 1127 1188 (lubia
1158 1146 1251 1189 aut
1286 1141 1462 1206 procul
1493 1147 1679 1202 essent,

133 1224 302 1265 tamen
350 1235 523 1267 ornnes
572 1221 728 1269 bonos
777 1223 1083 1286 reipublicae
1132 1225 1402 1273 subvenire
1450 1223 1674 1274 decebat.

134 1301 337 1350 Etenim
376 1303 579 1366 ignavia
616 1322 762 1353 nemo
800 1307 1100 1355 immortalis
1136 1307 1318 1367 factuS,
1350 1324 1512 1373 neque
1548 1308 1681 1373 quis-

131 1402 280 1450 quam
315 1403 497 1451 parens
527 1389 698 1436 liberis
724 1390 799 1437 uti
825 1391 1019 1438 aeterni
1045 1390 1215 1439 forent
1237 1392 1437 1455 optavit
1452 1409 1467 1453 3
1503 1391 1679 1456 magis,

133 1469 208 1517 uti
240 1469 360 1518 boni
393 1471 691 1536 honestique
725 1474 882 1520 vitam
909 1474 1185 1537 exigerent.
1261 1474 1420 1524 Plura
1442 1474 1678 1535 dicerem,

132 1553 371 1612 Qun-itm,
415 1555 458 1602 si
507 1555 701 1604 timidis
743 1558 986 1605 virtutem
1032 1558 1187 1607 verba
1234 1558 1512 1621 adderent3
1560 1569 1677 1608 nnn

131 1638 351 1685 strenuis
375 1639 576 1687 abunde
602 1639 793 1688 dictum
821 1641 990 1705 puto.”

233 1720 547 1771 LXXXVI.
626 1723 995 1786 Hujuscemodi
1021 1726 1248 1774 oratione
1273 1724 1450 1774 habita
1481 1723 1682 1774 Marius

131 1810 395 1869 postquam
435 1806 595 1870 plebis
632 1807 827 1855 animos
863 1816 1085 1856 arrectos
1121 1808 1279 1869 videt,
1308 1824 1519 1873 propere
1551 1824 1680 1856 com·

131 1894 317 1946 meatu,
355 1889 624 1952 stipendiO,
662 1891 831 1950 armiS‚
870 1891 984 1939 aliis
1021 1892 1234 1940 utilibus
1274 1908 1431 1940 naves
1470 1895 1676 1940 onerat:

131 1989 245 2020 cum
281 1972 361 2020 his
392 1973 457 2020 A.
489 1972 742 2021 Manlium
780 1974 1003 2038 legatum
1040 1974 1289 2039 proficisci
1318 1974 1481 2038 jubet,
1557 1972 1678 2038 Ipse

130 2057 326 2105 interea
358 2056 546 2104 milites
578 2057 811 2116 scribere,
839 2075 940 2106 non
970 2075 1108 2106 more
1133 2058 1399 2121 majorum,
1425 2073 1589 2122 neque
1612 2073 1678 2107 ex

131 2139 388 2199 classibus,
420 2139 507 2187 sed
545 2140 623 2187 uti
659 2140 903 2205 cujusque
940 2141 1115 2189 lubido
1146 2147 1272 2200 erat,
1306 2140 1472 2205 capite
1504 2156 1680 2190 censos

131 2223 406 2288 plerosque.
483 2223 548 2272 Id
585 2223 779 2272 factum
817 2225 906 2272 alii
945 2225 1118 2289 inopia
1156 2225 1422 2283 bonorum,
1458 2223 1549 2272 alii
1588 2220 1682 2289 per

130 2308 458 2356 ambitionem
493 2308 728 2367 consulis,
754 2309 1118 2369 memorabant,
1143 2308 1278 2373 quod
1310 2308 1376 2357 ab
1406 2325 1467 2357 eo
1496 2323 1680 2373 genere

131 2391 413 2439 celebratus
436 2398 716 2456 auctusque
741 2399 882 2454 erat3
918 2398 971 2441 et
998 2392 1193 2441 homini
1226 2392 1509 2457 potentiam
1532 2408 1680 2458 quae-

131 2475 266 2523 renti
289 2476 643 2539 egentissimus
667 2477 880 2541 quisque
904 2477 1379 2541 opportunissimus,
1404 2476 1488 2525 cui
1515 2490 1681 2542 neque

131 2575 223 2607 sua
270 2575 435 2619 curae,
475 2560 662 2624 quippe
709 2577 838 2625 quae
885 2561 1029 2608 nulla
1075 2566 1212 2621 sunt,
1250 2566 1306 2609 et
1350 2560 1524 2610 omnia
1562 2575 1680 2610 cum

132 2642 295 2706 pretio
326 2642 541 2691 honesta
568 2643 822 2692 videntur.
898 2644 1068 2709 Igitur
1104 2643 1305 2693 Marius
1339 2658 1456 2693 cum
1490 2643 1680 2707 majore

131 2725 393 2790 aliquanto
434 2743 662 2787 numero,
699 2744 852 2792 quam
894 2727 1155 2776 decretum
1191 2734 1317 2788 erat,
1353 2727 1411 2776 in
1444 2725 1679 2776 Africum

131 2808 389 2874 profectus
412 2808 590 2858 diebus
614 2811 789 2875 paucis
814 2811 1024 2861 Uticam
1048 2810 1333 2862 advehitur.
1407 2809 1682 2861 Exemitut
