1875 3133
463 124 848 175 SALLUSTII
889 125 1286 176 JUGURTHA.
1573 131 1634 179 65

104 237 371 303 adversum
418 237 674 286 Romanos
718 239 907 286 bellum
954 239 1206 303 suscipiat.
1282 238 1345 286 Id
1382 255 1441 290 ea
1474 242 1637 303 gratia

104 319 305 368 facilius
340 321 646 385 proniusque
683 320 800 380 fuit,
825 321 959 385 quod
995 321 1224 368 Bocchus
1259 321 1406 369 initio
1426 319 1637 385 hujusce

103 403 226 451 belli
270 403 460 467 legatos
508 403 723 451 Romam
770 404 991 463 miserat,
1040 403 1217 452 foedus
1264 409 1317 452 et
1362 405 1635 453 amicitiam

104 486 321 551 petitum
338 505 352 548 3
387 503 538 551 quam
579 503 685 534 rem
727 487 1200 550 opportunissimam
1245 487 1447 551 incepto
1488 488 1635 547 bello,

104 569 253 633 pauci
266 569 649 633 impediverant,
667 570 800 617 caeci
818 569 1047 628 avaritia,
1068 570 1210 633 queis
1228 570 1410 629 omm'a,
1428 569 1638 618 honesta

105 656 258 715 atque
281 651 560 710 inhonesta,
586 651 803 699 vendere
832 667 938 698 mos
962 657 1082 699 erat.
1160 651 1331 699 Etiam
1364 657 1515 699 antea
1546 651 1582 700 J
1587 668 1637 699 u-

104 732 317 797 gurthae
342 734 446 781 filia
471 733 658 782 Bocchi
681 739 932 799 nupserat
1010 733 1205 781 Verum
1231 750 1290 781 ea
1321 734 1637 782 necessitudo

105 816 240 880 apud
264 816 516 866 Numidas
541 817 847 881 Maurosque
871 817 996 864 levis
1021 817 1248 878 ducitur;
1277 817 1410 881 quod
1435 817 1635 881 singuli,

104 915 197 964 pro
220 900 398 964 opibus
430 901 655 964 quisque,
681 917 831 964 quam
864 900 1107 964 plurimas
1132 916 1329 960 uxores,
1355 900 1509 948 denas
1534 901 1636 958 alii,

105 982 194 1030 alii
217 982 386 1046 plures
409 982 627 1044 habent3
665 983 751 1030 sed
775 999 915 1046 reges
939 999 997 1030 eo
1022 983 1249 1046 amplius.
1326 983 1411 1030 Ita
1440 983 1638 1030 animus

106 1065 433 1112 multitudine
457 1065 758 1112 distrahitur
775 1083 790 1127 3
820 1064 962 1111 nulla
984 1080 1075 1128 pro
1100 1064 1233 1112 socia
1257 1065 1453 1112 obtinet
1468 1082 1482 1126 3
1512 1065 1639 1129 pari-

106 1151 185 1195 ter
207 1163 380 1195 omnes
402 1148 528 1195 viles
552 1152 683 1195 sunt.

210 1229 465 1277 LXXXI.
523 1229 692 1293 Igitur
715 1229 769 1277 in
794 1229 957 1276 locum
978 1229 1220 1277 ambobus
1239 1229 1482 1293 placitum
1503 1245 1639 1277 exer-

106 1310 238 1360 citus
269 1311 579 1360 conveniunt
593 1331 607 1374 3
644 1312 730 1371 ibi,
757 1312 854 1359 fide
887 1312 1007 1359 data
1042 1317 1095 1359 et
1126 1318 1346 1376 accepta,
1380 1311 1416 1360 J
1421 1311 1641 1375 ugurtha

107 1394 294 1443 Bocchi
317 1395 542 1443 animum
564 1396 789 1443 oratione
808 1395 1058 1443 accendit:
1088 1395 1384 1442 “Romanos
1408 1395 1638 1457 injustos,

107 1477 358 1542 profunda
381 1479 610 1538 avaritia,
629 1495 915 1526 communes
934 1478 1158 1525 omnium
1183 1477 1351 1525 hostes
1375 1493 1503 1525 esse:
1529 1493 1640 1524 ean-

106 1560 220 1609 dem
261 1562 374 1609 illos
420 1578 646 1609 caussam
688 1561 808 1608 belli
850 1578 962 1608 cum
1007 1560 1205 1608 Boccho
1246 1560 1445 1619 habere,
1489 1576 1637 1623 quam

105 1660 274 1692 secum
306 1650 360 1692 et
390 1661 504 1692 cum
540 1645 652 1692 aliis
688 1645 937 1707 gentibus,
969 1644 1246 1690 lubidinem
1283 1641 1639 1706 imperitandi3

106 1727 248 1791 queis
272 1727 441 1774 omnia
464 1743 617 1790 regna
641 1727 852 1774 adversa
876 1727 1007 1773 sint:
1043 1732 1151 1773 tum
1178 1741 1298 1783 sese,
1326 1725 1496 1788 paullo
1520 1730 1639 1772 ante

107 1809 562 1873 Carthaginienses,
589 1810 710 1856 item
744 1825 911 1872 regem
946 1808 1149 1867 Persen,
1176 1812 1290 1871 post
1322 1807 1400 1854 uti
1429 1807 1639 1871 quisque

106 1893 518 1958 opulentissimus
558 1893 808 1952 videatur,
847 1893 920 1939 ita
963 1892 1208 1939 Romanis
1250 1891 1445 1938 hostem
1488 1890 1640 1938 fore.'’

108 1976 210 2025 His
232 1981 385 2040 atque
417 1976 530 2025 aliis
562 1976 750 2023 talibus
773 1975 923 2022 dictis
956 1974 1019 2022 ad
1045 1974 1237 2023 Cirtam
1270 1973 1509 2036 oppidum
1543 1973 1641 2020 iter

107 2060 440 2119 constituunt,
460 2059 594 2123 quod
617 2059 690 2106 ibi
714 2058 955 2106 Metellus
979 2057 1215 2122 praedam
1242 2057 1564 2120 captivosque
1590 2063 1641 2103 et

106 2141 468 2206 impedimenta
491 2142 755 2190 locaverat.
815 2141 900 2188 Ita
921 2141 956 2189 J
963 2141 1180 2204 ugurtha
1202 2146 1359 2199 ratuS,
1380 2144 1470 2186 aut
1494 2144 1641 2202 capta

109 2224 231 2271 urbe
255 2239 433 2288 operae
457 2224 675 2288 pretium
701 2223 824 2283 fore,
850 2229 941 2270 aut
964 2223 1007 2270 si
1038 2223 1298 2270 Romanus
1322 2221 1513 2269 auxilio
1537 2222 1641 2269 suis

112 2306 343 2365 venisset,
390 2306 580 2370 proelio
626 2323 732 2354 sese
780 2311 1070 2353 certaturos.
1146 2305 1282 2353 Nam
1330 2303 1541 2352 callidus
1587 2304 1639 2352 id

107 2388 255 2437 modo
282 2387 572 2448 festinabat,
604 2388 790 2436 Bocchi
823 2405 994 2452 pacem
1031 2388 1344 2445 imminuere,
1380 2403 1443 2434 ne
1475 2403 1639 2433 moras

107 2470 345 2535 agitando
368 2470 507 2519 aliud
530 2487 680 2535 quam
704 2472 892 2519 bellum
918 2471 1102 2518 mallet.

210 2553 497 2602 LXXXIL
572 2554 857 2618 Imperator
887 2560 1151 2617 postquam
1184 2551 1246 2599 de
1282 2568 1453 2615 regum
1491 2552 1637 2599 socie-

107 2640 215 2684 tate
246 2635 496 2699 cognovit,
521 2651 624 2683 non
655 2646 858 2694 temere,
885 2651 1062 2698 neque,
1089 2634 1166 2681 uti
1190 2650 1335 2697 saepe
1362 2633 1468 2696 jam
1502 2633 1638 2680 victo

105 2718 142 2767 J
146 2718 366 2782 ugurtha
390 2723 733 2777 consueverat,
760 2718 991 2767 omnibus
1017 2717 1137 2764 locis
1161 2715 1419 2780 pugnandi
1445 2716 1635 2779 copiam

106 2799 260 2862 facit3
301 2806 522 2848 ceterum
559 2798 693 2848 haud
729 2800 903 2864 procul
938 2800 1002 2848 ab
1039 2799 1181 2848 Cirta
1215 2798 1392 2846 castris
1429 2797 1638 2845 munitis

242 2896 351 2931 mo.
1470 2895 1498 2927 0
