1875 3133
479 124 872 174 SALLUSTII
914 124 1316 174 JUGURTHA.
1600 128 1659 174 51

125 237 383 302 cognitum
419 243 499 286 est
535 236 673 303 (nam
710 238 753 286 is
788 238 844 286 in
879 255 939 286 ea
972 244 1117 302 parte
1150 238 1398 304 curabat),
1436 240 1665 287 consulto

126 321 289 370 lenius
313 337 460 385 agere
483 337 542 369 ac
566 320 900 390 diffidentiam
934 322 1008 369 rei
1037 322 1305 383 simular03
1341 323 1450 386 pati
1487 323 1665 370 Numi-

124 404 215 453 das
239 386 347 453 51116
371 405 598 452 tumultu
616 405 747 469 regis
762 405 1009 469 proelium
1029 406 1202 454 visere.
1279 405 1365 453 Ita
1380 407 1480 453 illis
1497 407 1665 454 studio

124 504 329 536 suorum
345 488 617 547 adstrictis,
636 494 844 551 repente
859 505 1041 551 magna
1057 489 1108 535 vi
1127 505 1328 536 murum
1344 506 1407 553 ag
1394 489 1663 553 greditur:

123 577 178 620 et
206 572 313 636 jam
349 562 521 620 scalis
530 571 750 635 aggressi
782 572 969 620 milites
1002 589 1156 636 prope
1190 590 1387 620 summa
1412 582 1662 637 ceperant,

124 673 239 704 cum
254 656 495 721 oppidani
514 662 838 716 concurrunt,
859 656 1065 721 lapides,
1084 657 1267 720 ignem,
1288 658 1388 705 alia
1405 665 1666 722 praeterea

124 739 226 787 tela
265 739 516 802 ingerunt.
594 738 775 786 Nostri
815 739 978 803 primo
1018 739 1281 800 resistere·
1336 739 1533 799 deinde,
1578 741 1665 787 ubi

123 839 254 871 unae
312 828 464 887 atque
512 823 700 870 alterae
748 823 910 870 scalae
958 823 1312 882 comminutae,
1362 823 1450 886 qui
1498 839 1665 886 super-

122 896 372 956 steterant
406 906 580 954 afflicti
616 911 766 968 sunt3
814 906 983 965 ceteri,
1019 923 1219 970 quoquo
1254 906 1402 953 modo
1438 912 1662 970 potuere,

121 991 270 1055 pauci
293 990 494 1054 integri,
520 1006 702 1054 magna
726 1007 842 1053 pars
878 989 1096 1037 confecti
1121 989 1431 1048 vulneribus,
1458 990 1658 1037 abeunt.

122 1073 356 1137 Denique
382 1073 637 1137 utrimque
662 1072 909 1136 proelium
934 1087 1037 1118 nox
1063 1071 1268 1118 diremit

225 1156 369 1205 LXI.
446 1156 689 1204 Metellus
713 1161 982 1219 postquam
1002 1154 1144 1201 videt
1168 1153 1361 1201 frustra
1387 1154 1660 1218 inceptum,

120 1258 283 1306 neque
319 1240 561 1305 oppidum
598 1239 724 1304 capi,
750 1256 913 1303 neque
949 1238 1277 1302 Jugurtham,
1311 1239 1411 1286 nisi
1447 1255 1511 1286 ex
1547 1239 1661 1286 insi-

121 1324 219 1372 diis
243 1329 335 1372 aut
356 1341 448 1372 suo
484 1325 593 1376 loco
625 1341 847 1388 pugnam
877 1324 1058 1383 facere,
1086 1329 1138 1371 et
1164 1324 1270 1386 jam
1307 1329 1551 1372 aestatem
1582 1341 1658 1371 ex-

120 1413 287 1455 actam
319 1424 440 1468 esse,
467 1409 531 1456 ab
568 1408 725 1456 Zama
756 1407 985 1467 discedit,
1013 1414 1066 1455 et
1101 1408 1154 1454 in
1179 1408 1258 1456 his
1283 1409 1507 1468 urbibus,
1535 1425 1661 1472 quae

120 1490 185 1539 ad
209 1507 262 1538 se
293 1490 585 1538 defecerant
619 1492 841 1555 satisque
870 1492 1096 1539 munitae
1134 1492 1241 1539 loco
1278 1498 1369 1538 aut
1401 1492 1662 1539 moenibus

119 1578 280 1633 erant,
306 1573 558 1637 praesidia
588 1573 816 1638 imponit.
894 1573 1130 1621 Ceterum
1167 1574 1445 1621 exercitum
1476 1575 1529 1621 in
1554 1591 1663 1638 pro-

121 1656 355 1722 yinciam,
382 1673 510 1720 quae
534 1657 766 1720 proxima
789 1662 868 1704 est
899 1656 1190 1716 Numidiae,
1217 1657 1474 1705 hiemandi
1498 1660 1663 1722 gratia

120 1740 342 1804 collocat.
418 1741 599 1805 Neque
637 1741 691 1789 id
728 1747 929 1805 tempus
971 1759 1035 1790 ex
1073 1743 1286 1790 aliorum
1326 1760 1462 1791 more
1502 1745 1659 1808 quieti

118 1831 211 1874 aut
242 1826 474 1874 luxuriae
499 1826 743 1885 concedit,
782 1826 868 1874 sed
901 1827 1138 1890 quoniam
1172 1828 1325 1876 armis
1357 1829 1545 1876 bellum
1581 1846 1660 1893 pa-

119 1927 232 1958 rum
268 1911 586 1976 procedebat,
625 1911 834 1959 insidias
870 1911 977 1974 regi
1012 1928 1103 1975 per
1144 1912 1330 1959 amicos
1366 1913 1573 1961 tendere
1610 1922 1662 1960 et

118 2010 291 2042 eorum
316 1995 528 2058 perfidia
551 2011 643 2059 pro
679 1995 833 2042 armis
866 1995 945 2042 uti
977 2001 1134 2059 parat.
1213 1995 1381 2059 Igitur
1418 1996 1660 2044 Bomilca-

118 2094 240 2137 rem,
265 2079 355 2143 qui
380 2078 573 2126 Romae
598 2095 712 2126 cum
737 2079 773 2127 J
777 2078 998 2142 ugurtha
1022 2079 1204 2138 fuerat,
1227 2086 1280 2127 et
1302 2079 1420 2127 inde
1446 2080 1660 2128 vadibus

119 2160 253 2209 datis
288 2162 417 2210 clam
454 2162 516 2210 de
553 2162 809 2210 Massivae
843 2179 964 2211 nece
994 2162 1243 2226 judicium
1282 2162 1498 2226 fugerat,
1525 2165 1654 2227 quod

118 2244 166 2291 ei
212 2260 303 2308 per
347 2245 622 2312 maximam
671 2245 947 2293 amicitiam
995 2247 1218 2300 maxima
1267 2247 1408 2310 copia
1449 2246 1657 2294 fallendi

118 2333 244 2387 erat,
269 2329 446 2376 multis
468 2329 922 2393 pollicitationibus
955 2329 1248 2392 aggreditur
1265 2348 1278 2390 ,-
1316 2346 1373 2376 ac
1404 2329 1566 2392 primo
1591 2330 1657 2376 ef-

118 2411 239 2471 ficit,
266 2411 344 2459 uti
368 2411 433 2459 ad
457 2428 509 2460 se
534 2412 850 2476 colloquendi
874 2413 1039 2475 gratia
1075 2413 1301 2459 occultus
1339 2412 1542 2485 veniat,
1579 2412 1657 2459 de-

117 2495 251 2554 inde,
289 2495 387 2543 fide
422 2495 557 2556 data,
598 2497 686 2544 “si
721 2497 758 2545 J
764 2497 1033 2561 ugurtham
1073 2498 1246 2544 vivum
1290 2502 1381 2545 aut
1422 2504 1654 2544 necatum

117 2577 425 2637 tradidisset,
462 2577 586 2638 fore,
624 2584 684 2626 ut
720 2579 798 2626 illi
839 2585 1045 2627 senatus
1083 2579 1440 2642 impunitatem
1479 2585 1531 2626 et
1567 2596 1657 2626 sua

117 2662 286 2709 omnia
321 2661 659 2722 concederet,''
700 2662 850 2711 facile
887 2662 1143 2710 Numidae
1178 2661 1464 2726 persuadet,
1500 2679 1654 2726 quum

116 2745 318 2810 ingenio
342 2745 513 2805 infido,
539 2751 648 2793 tum
686 2746 936 2794 metuenti
965 2763 1042 2805 ne,
1071 2746 1112 2793 si
1138 2763 1239 2809 pax
1269 2762 1381 2793 cum
1411 2745 1655 2792 Romanis

115 2830 274 2890 fieret,
300 2829 406 2895 ipse
429 2846 523 2895 per·
543 2830 860 2880 condiciones
883 2831 946 2879 ad
976 2831 1278 2895 supplicium
1307 2830 1603 2878 traderetur.

1384 2912 1515 2959 4—2
