1875 3117
225 102 287 148 84
569 99 958 148 SALLUSTJI
1000 98 1403 149 JUGURTHA.

223 211 309 258 illo
334 215 386 258 et
417 211 530 257 aliis
563 209 872 272 temporibus
901 208 934 255 J
942 208 1201 270 ugurthini
1236 208 1354 255 belli
1387 206 1577 272 pudore
1600 209 1758 273 magis

222 310 371 356 quam
399 293 529 340 malo
554 292 831 339 exercitum
866 292 1125 338 coercebat
1142 310 1154 351 ;
1192 291 1325 355 quod
1358 291 1508 339 multi
1539 307 1630 356 per
1659 309 1759 340 am·

222 378 463 425 bitionem
490 377 597 423 fieri
623 377 840 433 aiebant,
865 393 994 438 pars,
1016 376 1147 439 quod
1173 393 1203 423 a
1227 376 1447 439 pueritia
1470 382 1757 424 consuetam

223 460 461 506 duritiam
489 466 539 505 et
563 459 676 517 alia,
703 475 830 521 quac
856 459 1008 504 ceteri
1034 459 1257 505 miserias
1284 465 1480 517 vocant,
1507 459 1758 524 voluptati

223 544 509 591 habuisset:
554 543 650 589 nisi
688 552 856 589 tamen
894 560 971 589 res
1008 543 1222 606 publica,
1262 544 1450 607 pariter
1485 560 1544 591 ac
1580 545 1759 592 saevis·

224 625 350 671 simo
375 623 599 686 imperio,
627 623 752 669 bene
778 630 928 685 atque
954 622 1129 669 decore
1154 630 1304 685 gesta.

329 708 411 756 CI.
491 708 657 769 Igitur
704 715 884 769 quarto
932 706 1147 769 denique
1196 706 1276 753 die
1324 706 1459 754 haud
1507 706 1653 770 longe
1695 707 1758 754 ab

226 790 408 854 oppido
443 790 583 837 Cirta
618 789 838 851 undique
875 788 1023 835 simul
1058 788 1395 851 specu—latores
1427 788 1515 836 citi
1551 805 1656 836 sese
1688 805 1760 836 os·

226 871 457 929 tendunt,
485 888 584 933 qua
620 887 672 917 re
710 870 877 917 hostes
913 870 1084 916 adesse
1121 870 1434 932 intelligitur.
1510 869 1608 918 Sed
1641 870 1760 934 quia

222 956 408 1003 diversi
453 955 734 1013 redeuntes,
778 955 907 1001 alius
955 955 1018 1001 ab
1067 954 1166 1001 alia
1213 961 1356 1017 parte
1397 959 1549 1017 atque
1589 969 1761 1001 omnes

226 1041 355 1088 idem
412 1040 778 1104 significabant,
829 1039 1001 1085 consul
1057 1039 1294 1096 incertus,
1344 1054 1561 1101 quonam
1614 1036 1762 1085 modo

226 1124 381 1170 aciem
421 1123 709 1179 instrueret,
748 1122 887 1168 nullo
923 1121 1097 1168 ordine
1134 1126 1456 1179 commutato,
1493 1119 1758 1168 adversum

223 1209 390 1255 omnia
415 1214 621 1271 paratus
646 1204 829 1252 ibidem
857 1204 1127 1267 opperitur.
1205 1203 1289 1250 Ita
1313 1203 1348 1251 J
1354 1202 1623 1266 ugurtham
1648 1219 1760 1267 spes

226 1292 486 1348 frustrata,
527 1289 613 1352 qui
653 1288 819 1351 copias
858 1288 910 1333 in
949 1294 1166 1350 quatuor
1206 1294 1375 1350 partes
1417 1287 1759 1345 distribuerat,

223 1380 363 1421 ratus
388 1389 450 1420 ex
477 1371 707 1418 omnibus
733 1386 888 1432 aeque
914 1369 1107 1432 aliquos
1131 1370 1195 1416 ab
1220 1376 1361 1432 tergo
1392 1369 1622 1417 hostibus
1646 1386 1762 1417 ven-

223 1464 375 1502 turos.
441 1453 653 1500 Interim
682 1451 836 1508 Sulla,
855 1467 1000 1513 quem
1028 1452 1245 1514 primum
1275 1451 1443 1499 hostes
1468 1452 1759 1516 attigerant,

223 1536 512 1582 cohortatus
545 1550 675 1591 suos,
703 1534 963 1579 turmatim
999 1541 1050 1579 et
1082 1549 1233 1596 quam
1266 1534 1484 1581 maxime
1517 1533 1758 1582 confertis

227 1619 367 1682 equis
410 1618 516 1680 ipse
558 1617 743 1679 aliique
787 1615 995 1662 Mauros
1042 1615 1309 1674 invadunt,
1353 1616 1507 1663 ceteri
1552 1616 1607 1664 in
1654 1616 1762 1664 loco

227 1708 486 1749 manentes
519 1700 582 1747 ab
609 1699 791 1762 jaculis
824 1699 1020 1745 eminus
1045 1699 1238 1746 emissis
1263 1711 1470 1762 corpora
1501 1704 1684 1762 tegere,
1710 1685 1799 1746 ets

223 1785 264 1830 si
299 1784 385 1847 qui
420 1784 473 1829 in
506 1798 685 1828 manus
709 1789 956 1828 venerant
979 1781 1293 1828 obtruncare.
1369 1780 1507 1828 Dum
1531 1796 1590 1828 eo
1613 1779 1761 1827 modo

225 1867 419 1931 equites
448 1865 775 1928 proeliantur,
804 1864 1032 1910 Bocchus
1065 1880 1178 1910 cum
1211 1863 1481 1927 peditibus,
1511 1879 1636 1927 quos
1661 1863 1762 1910 Vo-

227 1950 316 1996 lux
351 1949 485 1995 filius
521 1948 629 2010 ejus
665 1947 963 2005 adduxerat,
1000 1963 1162 2009 neque
1197 1947 1252 1993 in
1286 1947 1450 2010 priore
1485 1962 1669 2009 pugna,
1705 1946 1761 1993 in

223 2031 402 2078 itinere
461 2029 658 2087 morati,
720 2029 985 2087 affuerant,
1046 2034 1350 2091 postremam
1414 2027 1759 2075 Romanorum

223 2114 380 2160 aciem
422 2111 684 2159 invadunt.
762 2111 890 2157 Tum
930 2110 1127 2157 Marius
1164 2109 1300 2173 apud
1337 2110 1526 2174 primos
1563 2111 1758 2174 agebat,

223 2197 355 2260 quod
381 2197 452 2243 ibi
476 2196 511 2243 J
517 2195 736 2258 ugurtha
761 2211 873 2241 cum
899 2194 1130 2257 plurimis
1155 2200 1275 2241 erat.
1350 2193 1487 2241 Dein
1516 2193 1758 2252 Numida,

224 2280 423 2342 cognito
460 2277 648 2326 Bocchi
683 2276 922 2336 adventu,
950 2276 1079 2323 clam
1111 2292 1224 2322 cum
1261 2277 1434 2339 paucis
1466 2276 1531 2324 ad
1565 2277 1760 2341 pedites

224 2363 473 2410 convertit
490 2379 504 2422 5
540 2361 612 2408 ibi
637 2360 819 2407 Latine
847 2361 984 2418 (nam
1009 2358 1144 2422 apud
1170 2358 1504 2408 Numantiam
1527 2360 1667 2424 loqui
1688 2361 1760 2409 di-

223 2447 434 2510 dicerat)
472 2445 750 2493 exclamat:
790 2448 1033 2490 “nostros
1068 2442 1260 2489 frustra
1293 2459 1518 2506 pugnare
1532 2461 1547 2506 3
1587 2444 1760 2508 paullo

223 2537 341 2579 ante
367 2529 590 2577 Marium
615 2544 706 2574 sua
730 2542 885 2573 manu
916 2525 1241 2575 interfectum
1260 2543 1274 2586 3
1291 2525 1314 2545 ''
1351 2526 1503 2574 simul
1533 2526 1758 2590 gladium

224 2613 466 2676 sanguine
498 2611 711 2658 oblitum
745 2608 1022 2667 ostendere,
1048 2624 1196 2671 quem
1229 2608 1284 2655 in
1314 2625 1485 2672 pugna
1515 2608 1640 2656 satis
1669 2609 1759 2656 im-

223 2698 363 2763 pigre
405 2696 565 2743 occiso
610 2694 779 2758 pedite
820 2698 992 2740 nostro
1034 2698 1400 2741 cruentaverat.
1475 2692 1622 2751 Quod
1668 2694 1758 2745 ubi

224 2781 410 2830 milites
434 2794 682 2842 accepere,
708 2777 866 2840 magis
890 2776 1157 2825 atrocitate
1180 2777 1254 2825 rei
1281 2793 1433 2841 quam
1456 2776 1556 2826 fide
1582 2778 1757 2827 nuncii
