1875 3133
510 101 895 152 SALLUSTII
938 101 1344 150 JUGUBTHA.
1625 106 1691 155 79

150 213 345 262 addere.
422 213 591 278 Igitur
631 213 722 262 diu
768 214 1087 278 multumque
1133 213 1337 277 fatigati
1384 214 1589 263 tandem
1636 217 1691 264 in

150 281 412 351 castellum
458 297 780 361 perveniunt,
828 296 1084 344 desertum
1132 296 1196 344 ab
1244 312 1303 344 ea
1348 303 1508 361 parte,
1557 299 1691 362 quod

150 397 338 440 omnes,
374 381 526 428 sicuti
564 380 678 428 aliis
713 379 906 439 diebus,
946 379 1214 427 adversum
1253 379 1423 428 hostes
1464 381 1687 429 aderant,

151 464 364 525 Marius,
402 464 491 512 ubi
531 480 595 512 ex
632 463 833 511 nunciis
869 480 997 527 quae
1039 463 1197 527 Ligus
1233 469 1406 527 egerat
1440 465 1690 528 cognovit,

150 564 455 612 quamquam
501 552 611 594 toto
658 546 740 594 die
787 547 1012 594 intentos
1058 546 1250 610 proelio
1301 546 1556 595 Numidas
1609 547 1694 595 ha-

150 630 345 690 buerat,
388 633 499 676 tum
547 645 667 677 vero
716 628 1009 676 cohortatus
1057 629 1246 676 milites
1293 634 1347 677 et
1392 629 1499 693 ipse
1547 635 1694 678 extra

150 712 325 760 vineas
371 728 614 776 egressus,
658 711 916 760 testudine
958 717 1072 760 acta
1119 711 1399 772 succedere,
1443 718 1496 760 et
1542 713 1694 761 simul

150 795 346 843 hostem
382 796 648 844 tormentis
686 795 1062 860 sagittariisque
1104 800 1158 843 et
1192 795 1539 844 funditoribus
1577 796 1695 844 emi-

150 896 246 927 nus
270 884 471 927 terrere.
547 879 626 926 At
661 879 918 927 Numidae
951 895 1100 942 saepe
1132 884 1283 926 antea
1314 879 1477 926 vineis
1511 879 1694 927 Roma-

150 979 331 1011 norum
356 963 626 1022 subversis,
652 963 776 1010 item
808 963 1042 1022 incensis,
1069 978 1173 1009 non
1205 962 1400 1009 castelli
1431 963 1694 1010 moenibus

151 1062 257 1094 sese
289 1046 608 1105 tutabantur,
635 1045 723 1093 sed
756 1062 847 1109 pro
871 1061 1016 1092 muro
1042 1045 1148 1093 dies
1173 1050 1445 1109 noctesque
1471 1046 1662 1109 agitare
1679 1063 1693 1106 ς

150 1129 447 1177 maledicere
487 1129 747 1189 Romanis,
785 1145 845 1176 ac
884 1128 1052 1176 Mario
1088 1127 1374 1176 vecordiam
1411 1129 1694 1192 objectare,

150 1213 398 1261 militibus
421 1213 607 1260 nostris
625 1212 662 1260 J
666 1212 914 1276 ugurthae
939 1212 1205 1260 servitium
1229 1212 1414 1260 minari
1422 1231 1436 1274 3
1462 1213 1695 1262 secundis

149 1297 300 1345 rebus
340 1296 531 1345 feroces
567 1313 684 1345 esse.
762 1296 979 1344 Interim
1016 1296 1265 1356 omnibus,
1305 1295 1551 1345 Romanis
1586 1297 1695 1345 hos·

150 1382 401 1445 tibusque,
449 1380 640 1444 proelio
687 1381 916 1440 intentis,
966 1397 1150 1444 magna
1197 1381 1455 1444 utrimque
1502 1381 1556 1428 vi
1602 1397 1694 1445 pro

148 1465 309 1530 gloria
343 1470 496 1529 atque
531 1465 743 1529 imperio
779 1464 873 1524 his,
899 1464 1001 1512 illis
1036 1480 1127 1528 pro
1164 1464 1328 1512 salute
1365 1465 1692 1524 certantibus,

149 1554 357 1612 repente
392 1565 423 1596 a
457 1553 600 1611 tergo
636 1548 780 1612 signa
816 1564 993 1596 canere
1010 1565 1024 1609 3
1073 1565 1130 1595 ac
1172 1548 1336 1612 primo
1371 1548 1607 1596 mulieres
1643 1555 1696 1596 et

149 1631 309 1696 pueri,
358 1631 446 1696 qui
493 1631 660 1678 visum
707 1637 1069 1694 processerant,
1120 1631 1323 1695 fugere,
1385 1631 1567 1679 deinde
1616 1632 1693 1679 uti

149 1714 362 1778 quisque
397 1730 542 1761 muro
578 1714 841 1777 proximus
866 1719 990 1773 erat,
1017 1719 1271 1777 postremo
1297 1715 1483 1774 cuncti,
1510 1715 1694 1762 armati

149 1797 476 1860 inermesque.
553 1796 701 1854 Quod
733 1797 822 1844 ubi
854 1797 1053 1857 accidit,
1082 1814 1139 1845 eo
1169 1798 1334 1845 acrius
1369 1798 1590 1846 Romani
1621 1799 1692 1845 in-

149 1884 299 1939 stare,
348 1878 562 1927 fundere
609 1896 667 1926 ac
722 1880 986 1944 plerosque
1041 1881 1395 1929 tantummodo
1452 1883 1692 1940 sauciare,

149 1961 269 2010 dein
309 1978 460 2026 super
507 1962 783 2010 occisorum
828 1980 1035 2027 corpora
1077 1964 1276 2025 vadere,
1315 1965 1454 2013 avidi
1488 1965 1691 2029 gloriae,

151 2050 403 2093 certantes
449 2062 652 2093 murum
700 2052 887 2110 petere,
925 2063 1087 2110 neque
1125 2064 1427 2112 quemquam
1467 2049 1691 2096 omnium

150 2128 337 2192 praeda
376 2129 573 2177 morari.
650 2129 733 2177 Sic
781 2129 912 2178 forte
961 2137 1184 2179 correcta
1231 2131 1388 2179 Marii
1435 2132 1693 2180 temeritas

150 2211 359 2275 gloriam
396 2228 462 2260 ex
497 2213 646 2277 culpa
680 2213 892 2262 invem't.
1053 2192 1101 2205 ‘d

254 2293 419 2343 XCV.
495 2294 733 2344 Ceterum
782 2296 902 2344 dum
952 2313 1011 2345 ea
1058 2314 1137 2346 res
1184 2298 1392 2362 geritur,
1443 2297 1497 2346 L.
1552 2297 1693 2346 Sulla

152 2381 388 2440 quaestor
423 2393 538 2424 cum
573 2394 755 2442 magno
791 2380 1025 2443 equitatu
1061 2381 1116 2428 in
1153 2386 1317 2428 castra
1353 2381 1526 2442 venit;
1568 2398 1692 2446 quos

154 2460 231 2508 uti
262 2476 328 2508 ex
359 2459 509 2508 Latio
540 2467 594 2510 et
627 2479 658 2510 a
690 2463 837 2511 sociis
870 2470 1069 2528 cogeret
1102 2464 1294 2512 Romae
1327 2465 1534 2513 relictus
1566 2471 1686 2513 erat.

154 2542 268 2602 Sed,
294 2543 531 2606 quoniam
563 2546 697 2592 tanti
722 2546 820 2594 viri
851 2564 930 2595 res
960 2547 1238 2606 admonuit,
1264 2547 1501 2595 idoneum
1526 2549 1689 2596 visum

153 2631 246 2686 est,
265 2625 328 2674 de
352 2631 537 2674 natura.
560 2628 801 2692 cultuque
825 2630 934 2693 ejus
958 2631 1131 2693 paucis
1156 2630 1344 2692 dicere,
1370 2647 1531 2695 neque
1556 2633 1689 2680 enim

155 2709 254 2758 alio
277 2709 387 2757 loco
409 2708 473 2757 de
498 2709 667 2759 Sullae
691 2713 841 2760 rebus
865 2713 1053 2760 dicturi
1078 2730 1274 2775 sumus,
1300 2719 1351 2762 et
1376 2714 1431 2762 L.
1463 2714 1688 2772 Sisenna,

156 2792 344 2858 optime
380 2797 433 2841 et
467 2791 850 2858 diligentissime
886 2797 1126 2857 omnium,
1161 2798 1248 2861 qui
1285 2814 1367 2846 eas
1404 2815 1483 2846 res
1518 2798 1690 2846 dixere
