1875 3117
223 149 283 197 56
571 151 950 200 SALLUSTJJ
991 152 1383 201 JUGURTHA.

219 277 394 306 varum
436 277 616 320 rerum,
655 262 811 324 quieti
847 266 899 308 et
933 262 1034 308 otio
1069 262 1344 309 adversum.
1419 249 1566 322 Dein,
1605 279 1728 310 com-

218 343 394 404 positis
435 344 567 390 inter
605 361 655 391 se
696 345 857 402 rebus,
895 344 948 390 in
986 345 1115 391 diem
1157 346 1362 391 tertium
1401 346 1727 405 constituunt,

220 425 351 487 quod
386 425 428 472 is
457 426 615 472 festus
651 426 1022 488 celebratusque
1054 443 1142 489 per
1173 443 1367 473 omnem
1399 426 1628 473 Africam
1659 427 1730 473 lu-

220 508 337 553 dum
363 512 413 554 et
437 507 691 553 lasciviam
719 507 876 569 magis
894 524 1052 569 *quam
1085 507 1401 553 formidinem
1430 508 1724 554 ostentabat.

220 589 330 647 Sed,
349 589 434 635 ubi
450 594 646 651 tempus
665 588 779 647 fuit,
801 589 1113 635 centuriones
1132 590 1455 652 tribunosque
1473 590 1732 648 militares,

218 676 269 716 et
309 670 471 732 ipsum
509 669 816 732 praefectum
859 670 1028 732 oppidi
1069 670 1119 716 T.
1167 670 1445 733 Turpilium
1488 671 1727 729 Silanum,

217 751 344 797 alius
373 751 526 796 alium
564 751 733 797 domos
770 767 883 797 suas
919 751 1140 796 invitant
1158 769 1171 811 3
1206 767 1288 797 eos
1324 768 1506 810 omnes,
1533 758 1730 815 praeter

179 818 510 894 ωΤ111Ῥ11111111,
550 833 682 879 inter
724 833 894 895 epulas
942 833 1245 878 obtruncant
1261 849 1274 892 3
1327 838 1498 895 postea
1544 835 1728 881 milites

215 916 455 977 palantes,
482 915 709 972 inermes,
737 914 919 976 quippe
948 913 1002 959 in
1030 913 1122 959 tali
1157 913 1236 959 die
1272 930 1328 959 ac
1365 915 1470 961 sine
1505 915 1726 977 imperio,

217 999 585 1060 aggrediuntur.
661 999 803 1045 Idem
840 999 1007 1061 plebes
1043 999 1180 1057 facit,
1211 1015 1326 1061 pars
1359 997 1521 1044 edocti
1552 999 1614 1044 ab
1645 1015 1728 1044 no-

214 1082 425 1139 bilitate,
464 1082 549 1127 alii
585 1081 750 1127 studio
786 1082 963 1127 talium
998 1098 1164 1128 rerum
1200 1080 1411 1138 incitati,
1446 1080 1584 1142 queis
1619 1086 1730 1127 acta

216 1164 572 1226 consiliumque
605 1164 949 1225 ignorantibus
984 1164 1232 1210 tumultus
1260 1163 1364 1225 ipse
1397 1168 1447 1209 et
1471 1179 1548 1209 res
1572 1168 1729 1209 novae

216 1247 336 1292 satis
368 1247 642 1308 placebant.

315 1329 541 1376 LXVII.
619 1328 836 1375 Romani
871 1328 1070 1387 milites,
1095 1321 1363 1390 improviso
1388 1333 1526 1374 metu
1550 1328 1729 1374 incerti

214 1412 471 1474 ignarique
520 1410 640 1473 quid
687 1411 999 1473 potissimum
1047 1411 1285 1469 facerent,
1334 1411 1584 1473 trepidare
1602 1428 1615 1470 3
1666 1411 1729 1456 ad

212 1510 375 1539 arcem
423 1493 605 1555 oppidi,
649 1493 735 1538 ubi
775 1493 915 1554 signa
956 1498 1007 1539 et
1045 1498 1185 1539 scuta
1225 1498 1382 1551 erant,
1426 1492 1728 1555 praesidium

212 1574 429 1620 hostium
446 1592 458 1633 3
496 1578 668 1636 portae
700 1578 817 1619 ante
850 1574 1044 1620 clausae
1073 1573 1243 1635 fugam
1267 1573 1599 1635 prohibebant
1613 1591 1626 1633 3
1664 1573 1727 1620 ad

212 1655 303 1701 hoc
335 1656 566 1701 mulieres
602 1654 842 1717 puerique
878 1670 967 1722 pro
1003 1655 1148 1700 tectis
1173 1654 1508 1701 aedificiorum
1536 1671 1656 1700 saxa
1680 1659 1728 1700 et

215 1739 326 1797 alia,
354 1755 479 1801 quae
513 1739 648 1784 locus
683 1722 967 1800 praebebat,
995 1737 1222 1783 certatim
1253 1737 1465 1784 mittere.
1541 1737 1624 1783 Ita
1651 1753 1731 1783 ne-

216 1837 310 1882 que
337 1820 501 1867 caveri
526 1836 706 1882 anceps
730 1819 932 1877 malum,
958 1835 1118 1881 neque
1143 1835 1173 1864 a
1196 1818 1481 1865 fortissimis
1504 1818 1730 1864 infirmis·

214 1904 338 1949 simo
363 1904 533 1965 generi
558 1903 723 1949 resisti
748 1918 890 1964 posse
910 1919 922 1960 3
956 1902 1106 1963 juxta
1137 1902 1256 1947 boni
1280 1901 1511 1964 malique,
1539 1902 1730 1947 strenui

213 1991 264 2032 et
287 1986 524 2044 imbelles,
540 1985 704 2050 >inulti
729 1985 1028 2031 obtruncati.
1105 1984 1171 2030 In
1195 2001 1253 2031 ea
1277 1989 1421 2030 tanta
1445 1985 1728 2047 asperitate,

220 2067 518 2114 saevissimis
543 2066 778 2113 Numidis
811 2071 861 2113 et
889 2066 1069 2128 oppido
1105 2066 1324 2128 undique
1353 2066 1533 2125 clauso,
1559 2067 1732 2130 Turpi-

215 2149 313 2195 lius
348 2149 629 2211 praefectus
661 2165 790 2194 unus
826 2164 888 2194 ex
921 2149 1148 2194 omnibus
1184 2147 1377 2194 Italicis
1407 2149 1631 2211 profugit
1660 2149 1732 2195 in-

213 2235 392 2276 tactus.
468 2229 531 2276 Id
566 2230 966 2276 misericordiane
1007 2229 1231 2292 hospitis,
1269 2247 1334 2276 an
1378 2231 1607 2293 pactione
1642 2238 1731 2278 aut

215 2329 331 2359 casu
366 2313 439 2358 ita
477 2312 715 2370 evenerit,
749 2328 924 2374 parum
963 2312 1289 2374 comperimus
1305 2329 1319 2372 3
1354 2312 1466 2371 nisi,
1501 2313 1619 2376 quia
1653 2314 1728 2360 illi

214 2395 268 2441 in
302 2399 444 2441 tanto
476 2395 608 2441 malo
637 2395 800 2456 turpis
824 2394 931 2440 vita
959 2390 1095 2440 fama
1125 2392 1320 2456 integra
1342 2395 1521 2457 potior,
1547 2396 1727 2458 impro-

215 2476 308 2521 bus
332 2475 730 2537 intestabilisque
753 2474 964 2520 Videtur.
1524 2534 1525 2537 Ἰ

320 2555 581 2602 LXVIII.
636 2555 876 2602 Metellus
894 2560 1156 2618 postquam
1173 2556 1233 2603 de
1248 2557 1395 2619 rebus
1414 2557 1587 2620 Vagae
1604 2556 1728 2616 actis

217 2637 469 2698 comperit,
489 2637 760 2699 paullisper
783 2642 1001 2684 moestus
1026 2654 1052 2683 e
1072 2643 1346 2700 conspectu
1362 2638 1469 2685 abit
1483 2656 1497 2698 3
1533 2623 1725 2697 deinde,
1803 2695 1811 2702 ι

218 2718 304 2765 ubi
326 2718 402 2764 ira
424 2722 475 2763 et
498 2719 756 2780 aegritudo
779 2719 1029 2781 permixta
1065 2724 1196 2778 sunt,
1224 2737 1336 2767 cum
1359 2721 1578 2767 maxima
1610 2738 1728 2780 cura

218 2801 379 2847 ultum
403 2799 475 2846 ire
498 2798 707 2861 injurias
725 2800 943 2848 festinat.
1018 2800 1301 2864 Legionem,
1323 2819 1433 2850 cum
1458 2819 1556 2866 qua
1578 2802 1734 2852 hiem-v
