1875 3117
202 117 264 163 42
558 114 946 165 SALLUSTII
987 113 1387 163 JUGURTJJA.

201 228 628 286 confirmaturum,
654 233 745 274 aut
769 226 1102 273 maximarum
1139 241 1494 274 aerumnarum
1528 225 1729 275 initium

203 312 353 360 fore.''
425 312 510 359 Ad
537 312 628 359 hoc
654 311 862 369 viritim,
890 311 967 357 uti
992 326 1239 374 quemque
1275 310 1340 357 ob
1375 309 1594 358 militare
1617 309 1733 358 faci-

204 412 298 442 nus
347 395 560 458 pecunia
611 400 702 441 aut
754 393 940 440 honore
993 393 1262 451 extulerat,
1314 391 1734 440 commonefacere

204 474 429 521 beneficii
456 474 549 531 sui,
576 479 628 519 ct
663 489 775 518 eum
816 472 978 535 ipsum
1016 472 1129 519 aliis
1166 478 1450 531 ostentare;
1486 478 1736 535 postremo

204 573 294 620 pro
318 557 557 618 cujusque
585 555 800 616 ingenio,
840 553 1136 616 pollicendo,
1163 553 1460 612 minitando,
1487 553 1736 601 obtestan-

204 641 268 688 do
293 640 446 687 alium
472 639 571 685 alio
597 638 743 685 modo
768 638 1019 697 excitare,
1057 654 1211 700 quum
1238 637 1440 684 interim
1479 636 1733 694 Metellus,

205 726 407 788 ignarus
433 724 651 771 hostium
679 729 847 769 monte
886 721 1180 783 degrediens
1216 737 1328 768 cum
1365 721 1590 768 exercitu
1627 736 1737 767 con-

205 808 456 871 spicatur3
493 806 656 870 primo
681 805 880 863 dubiuS,
908 803 1148 867 quidnam
1175 803 1379 850 insolita
1402 802 1555 851 facies
1578 808 1738 850 osten-

204 892 491 956 deret<nam
511 892 643 937 inter
662 890 878 951 virgulta
894 889 1008 951 equi
1029 886 1379 950 Numidaeque
1396 885 1738 944 consederant,

206 991 365 1038 neque
405 974 552 1037 plane
592 972 831 1019 occultati
874 971 1162 1018 humilitate
1205 970 1456 1028 arborum,
1482 974 1536 1016 et
1570 974 1740 1016 tamen

207 1058 400 1115 incerti,
427 1057 665 1120 quidnam
692 1062 837 1112 esset,
865 1071 976 1101 cum
1016 1044 1206 1100 naturas
1236 1053 1345 1111 loci,
1371 1059 1482 1100 tum
1506 1052 1624 1100 dolo
1645 1052 1742 1116 ipsi

206 1146 356 1204 atque
394 1140 535 1202 signa
572 1138 813 1185 militaria
848 1137 1142 1199 obscurati),
1181 1135 1313 1194 dein,
1351 1135 1493 1183 brevi
1530 1134 1743 1198 cognitis

207 1223 417 1281 insidiis,
444 1222 717 1286 paullisper
741 1237 919 1282 agmen
945 1219 1221 1267 constituit.
1299 1218 1396 1277 Ibi,
1423 1217 1744 1265 commutatis

207 1308 467 1356 ordinibus
488 1309 539 1354 in
559 1308 768 1354 dextero
785 1308 954 1364 latere,
976 1305 1108 1369 quod
1128 1304 1413 1368 proximum
1433 1302 1601 1350 hostes
1618 1308 1742 1360 erat,

209 1390 491 1453 triplicibus
516 1389 751 1436 subsidiis
788 1389 944 1435 aciem
982 1387 1256 1434 instruxit:
1294 1386 1428 1433 inter
1462 1383 1745 1448 manipulos

208 1470 490 1517 funditores
527 1476 578 1516 et
614 1470 901 1532 sagittarios
937 1467 1202 1531 dispertit5
1239 1467 1521 1530 equitatum
1547 1482 1743 1513 omnem

209 1555 261 1601 in
287 1554 521 1601 cornibus
561 1553 708 1610 locat,
746 1569 803 1599 ac
834 1568 994 1616 pauca
1030 1567 1119 1614 pro
1156 1557 1379 1614 tempore
1415 1550 1602 1597 milites
1637 1549 1746 1597 hor-

209 1644 346 1683 tatus
371 1637 544 1695 aciem,
571 1635 720 1683 sicuti
758 1635 1086 1691 instruxerat,
1125 1631 1427 1679 transversis
1467 1630 1744 1695 principiis,

210 1718 261 1765 in
287 1718 493 1781 planum
519 1716 734 1764 deducit

312 1801 366 1848 L
444 1800 557 1857 Sed,
586 1800 672 1846 ubi
699 1798 949 1846 Numidas
975 1796 1171 1860 quietos
1195 1811 1357 1859 neque
1383 1794 1507 1843 colle
1542 1793 1746 1858 degredi

210 1880 585 1938 animadvertit,
607 1880 799 1926 veritus
823 1895 888 1925 ex
912 1877 1033 1924 anni
1053 1884 1277 1940 tempore
1301 1881 1354 1923 et
1377 1875 1549 1938 inopia
1571 1889 1746 1938 aquae,

211 1978 273 2009 ne
299 1962 384 2009 siti
409 1962 738 2008 conficeretur
773 1960 1040 2017 exercitus,
1081 1957 1337 2005 Rutilium
1373 1955 1596 2019 legatum
1633 1970 1746 2001 cum

210 2043 460 2108 expeditis
497 2043 786 2090 cohortibus
821 2048 874 2088 et
909 2048 1053 2105 parte
1100 2039 1328 2103 equitum
1375 2036 1638 2102 praemisit
1682 2035 1746 2084 ad

212 2126 413 2184 flumen,
464 2124 541 2171 uti
594 2124 759 2171 locum
815 2122 993 2169 castris
1047 2124 1384 2184 antecaperet,
1434 2118 1746 2177 existimans,

212 2209 380 2257 hostes
404 2209 577 2256 crebro
601 2208 794 2271 impetu
819 2212 872 2253 et
895 2205 1195 2253 transversis
1230 2203 1433 2268 praeliis
1468 2204 1567 2252 iter
1600 2220 1747 2251 sumn

213 2298 565 2350 remoraturos,
605 2297 658 2338 et
698 2289 935 2353 quoniam
977 2288 1130 2335 armis
1161 2286 1461 2345 diffiderent,
1499 2285 1749 2334 lassitudi-

214 2392 327 2423 nem
364 2381 417 2422 et
452 2375 590 2422 sitim
626 2373 847 2420 militum
883 2377 1180 2419 tentaturos
1257 2369 1392 2417 Dein
1428 2369 1533 2434 ipse
1568 2385 1660 2433 pro
1694 2385 1749 2417 re

214 2465 365 2522 atque
401 2459 524 2516 loco,
567 2457 718 2506 sicuti
758 2462 929 2504 monte
965 2453 1304 2513 descenderat,
1341 2453 1607 2517 paullatim
1640 2469 1750 2517 pro-

215 2542 422 2602 c3edere
460 2541 683 2588 Marium
708 2545 824 2604 post
846 2538 1096 2603 principia
1110 2537 1315 2598 habere3
1351 2537 1458 2601 ipse
1476 2552 1590 2584 cum
1607 2535 1750 2584 sinis-

216 2634 323 2674 trae
348 2625 456 2672 alae
481 2625 738 2688 equitibus
762 2640 884 2682 esse,
910 2622 998 2686 qui
1022 2622 1077 2669 in
1105 2621 1303 2685 agmine
1338 2620 1591 2686 principes
1623 2618 1749 2668 facti

216 2714 372 2757 erant.
427 2708 505 2756 At
527 2708 564 2756 J
569 2707 801 2772 ugurtha,
823 2707 911 2754 ubi
929 2712 1213 2754 extremm
1232 2721 1412 2769 agmen
1435 2702 1636 2752 Metelli
1651 2702 1749 2766 pri-

217 2807 323 2840 mos
355 2807 471 2839 suos
506 2797 931 2855 praetergressum
963 2789 1105 2837 videt
1134 2788 1384 2853 praesidio
1418 2786 1563 2852 quasi
1591 2785 1748 2834 duum

1416 2880 1559 2909 ‘N‘
