1875 3133
506 110 684 159 SALL
700 111 902 160 USTII
945 111 1359 160 JUGURTHA.
1645 115 1707 162 25

161 236 192 268 a
244 219 448 268 consule
497 219 703 268 Sextius
751 226 988 284 quaestor
1034 221 1089 269 in
1137 222 1378 286 oppidum
1421 224 1457 271 J
1462 225 1709 287 ugurthae

161 304 376 368 Vagam,
405 304 549 367 cujus
573 305 647 352 rei
672 306 860 368 species
894 312 1004 353 erat
1035 307 1260 370 acceptio
1285 307 1547 369 frumenti,
1575 311 1708 373 quod

161 388 469 453 Calpurnius
492 388 660 452 palam
686 389 866 452 legatis
902 389 1272 454 imperaverat3
1309 392 1548 455 quoniam
1575 394 1709 441 dedi-

158 471 313 520 tionis
354 489 497 519 mora
543 472 778 520 induciae
826 473 1165 536 agitabantur.
1257 473 1427 538 Igitur
1475 492 1582 536 rex,
1627 479 1705 524 uti

158 556 509 617 constituerat,
526 556 581 603 in
606 563 770 605 castra
789 559 946 617 venit,
965 576 1021 607 ac
1041 577 1202 623 pauca
1220 561 1477 625 praesenti
1498 562 1706 610 consilio

157 638 358 687 locutus
397 639 459 687 de
492 639 688 687 invidia
721 639 846 687 facti
880 641 973 700 sui,
1001 648 1154 705 atque
1190 642 1245 689 in
1278 643 1589 691 deditionem
1627 645 1705 692 uti

156 722 484 787 acciperetur,
539 725 734 788 reliqua
792 742 905 772 cum
955 725 1130 774 Bestia
1178 733 1229 774 et
1278 727 1466 775 Scauro
1515 735 1707 776 secreta

155 808 394 872 transigit
404 825 417 869 3
443 808 561 855 dein
580 814 780 872 postero
802 808 898 868 die,
920 809 1064 872 quasi
1082 827 1172 873 per
1192 817 1415 858 saturam
1438 812 1706 875 exquisitis

155 890 437 950 sententiis,
455 890 510 936 in
529 890 837 937 deditionem
858 891 1116 955 accipitur.
1161 892 1274 952 Sed,
1288 894 1365 940 uti
1384 910 1475 957 pro
1496 895 1704 942 consilio

154 973 458 1037 imperatum
495 979 619 1033 erat,
654 973 913 1037 elephanti
949 975 1175 1038 triginta,
1213 993 1366 1040 pecus
1403 984 1556 1042 atque
1588 980 1704 1043 equi

153 1057 305 1104 multi
329 1073 443 1104 cum
469 1073 627 1121 parvo
651 1058 851 1119 argenti
874 1058 1110 1120 pondere,
1130 1061 1387 1122 quaestori
1410 1062 1698 1110 traduntur.

154 1140 461 1204 Calpurnius
487 1140 704 1187 Romam
725 1140 789 1187 ad
809 1141 1138 1204 magistratus
1162 1143 1411 1206 rogandos
1437 1146 1705 1208 proficisci·

152 1230 249 1272 tur.
327 1223 394 1271 In
419 1224 668 1271 Numidia
693 1230 746 1272 et
770 1226 999 1272 exercitu
1023 1233 1197 1274 nostro
1222 1245 1324 1292 pax
1350 1230 1650 1293 agitabatur.

255 1306 436 1354 XXX.
513 1306 791 1371 Postquam
840 1325 919 1356 res
968 1309 1022 1356 in
1064 1310 1247 1358 Africa
1282 1319 1464 1375 gestas,
1503 1330 1701 1378 quoque

150 1390 299 1438 modo
323 1396 466 1438 actae
491 1390 675 1450 forent,
703 1390 840 1439 fama
865 1392 1166 1457 divulgavit,
1196 1395 1389 1444 Romae
1414 1414 1504 1460 per
1529 1414 1701 1446 omnes

149 1475 285 1523 locos
321 1480 374 1523 et
410 1480 691 1523 conventus
728 1475 790 1523 de
827 1476 964 1524 facto
1013 1479 1234 1527 consulis
1270 1480 1464 1543 agitari
1540 1483 1696 1547 Apud

148 1559 347 1622 plebem
382 1558 552 1622 gravis
588 1559 784 1607 invidia
801 1577 814 1621 3
852 1560 1032 1609 Patres
1069 1562 1275 1610 solliciti
1311 1569 1458 1611 erant
1474 1582 1486 1626 3
1524 1568 1704 1629 proba-

148 1646 328 1689 rentne
352 1647 556 1688 tantum
581 1642 847 1705 flagitium,
875 1661 940 1691 an
966 1644 1224 1692 decretum
1251 1648 1470 1695 consulis
1495 1649 1697 1696 subver-

147 1731 330 1787 terent,
370 1743 550 1791 parum
594 1729 870 1776 constabat.
947 1730 1028 1777 Ac
1067 1731 1287 1779 maxime
1336 1749 1419 1780 eos
1466 1735 1696 1797 potentia

148 1810 340 1871 Scauri,
367 1811 502 1875 quod
539 1812 583 1860 is
618 1818 796 1860 auctor
832 1819 885 1861 et
921 1815 1085 1862 socius
1124 1816 1326 1865 Bestiae
1363 1817 1637 1878 ferebatur,
1665 1837 1694 1866 a

146 1911 266 1943 vero
297 1895 529 1960 bonoque
558 1897 876 1961 impediebat.
954 1900 1031 1946 At
1057 1900 1108 1948 C.
1140 1900 1428 1961 Memmius,
1457 1903 1600 1966 cujus
1632 1903 1694 1950 dc

146 1978 382 2027 libertate
401 1979 592 2044 ingenii
611 1986 664 2028 et
688 1981 802 2029 odio
821 1983 1080 2046 potentiae
1096 1984 1380 2033 nobilitatis
1399 2002 1551 2050 supra
1568 1987 1693 2034 dixi-

145 2079 273 2122 mus,
299 2063 434 2111 inter
465 2064 837 2113 dubitationem
873 2072 926 2114 et
957 2083 1123 2115 moras
1156 2069 1333 2129 senati,
1370 2071 1692 2118 concionibus

144 2146 388 2209 populum
425 2147 491 2195 ad
520 2148 890 2208 ,vindicandum
939 2149 1133 2198 hortari
1149 2169 1162 2213 3
1211 2169 1429 2212 monere,
1468 2171 1531 2201 ne
1567 2171 1691 2202 rem-

144 2229 415 2292 publicam,
453 2248 517 2279 ne
554 2232 843 2280 libertatem
880 2251 1022 2281 suam
1054 2235 1370 2297 desererent,
1415 2237 1578 2284 multa
1613 2254 1691 2284 su-

144 2312 299 2375 perba
322 2318 375 2360 et
399 2314 623 2362 crudelia
646 2314 874 2364 facinora
904 2317 1188 2365 nobilitatis
1225 2317 1516 2366 ostendere:
1554 2335 1690 2381 pror-

144 2413 228 2445 sus
264 2397 494 2447 intentus
530 2401 669 2448 omni
704 2401 852 2449 modo
891 2403 1053 2466 plebis
1092 2403 1317 2450 animum
1365 2402 1682 2450 accendebat.

143 2481 242 2529 Sed
267 2483 506 2546 quoniam
539 2501 599 2532 ea
630 2490 933 2549 tempestate
964 2486 1157 2533 Romae
1183 2485 1416 2532 Memmii
1448 2485 1688 2533 facundia

141 2565 278 2612 clara
301 2565 596 2630 pollensque
621 2567 738 2628 fuit,
765 2569 940 2616 decere
971 2569 1276 2627 existimavi,
1304 2585 1457 2615 unam
1492 2585 1556 2616 ex
1580 2574 1685 2616 tam

140 2649 316 2696 multis
340 2650 618 2698 orationem
643 2653 951 2715 perscribere
971 2671 979 2700 :
1018 2669 1075 2699 ac
1092 2652 1409 2715 potissimum
1431 2669 1488 2699 ea
1505 2652 1683 2709 dicam,

139 2749 268 2796 quae
303 2734 359 2781 in
395 2735 634 2782 concione
669 2742 785 2800 post
820 2736 1041 2783 reditum
1086 2736 1289 2783 Bestiae
1337 2735 1685 2798 hujuscemodi

139 2817 306 2866 verbis
330 2818 580 2866 disseruit.
