1875 3117
184 128 246 176 62
538 120 922 175 SALLUSTJI
965 118 1367 170 JUGURTHA.

183 243 334 285 noctu
360 236 615 301 profugit,
653 252 814 299 nequo
840 240 1015 298 postea
1040 233 1092 280 in
1119 232 1222 280 ullo
1248 232 1356 280 loco
1380 229 1597 295 amplius
1615 244 1717 277 uno

182 321 263 369 die
310 326 402 368 aut
448 337 550 367 una
592 326 737 365 nocte
777 323 1017 376 moratus,
1061 315 1336 363 simulabat
1381 330 1488 362 sese
1528 312 1719 377 negotii

182 403 346 468 gratia
369 419 634 467 properare
654 419 666 461 3
704 407 925 447 ceterum
952 399 1288 463 proditionem
1314 397 1543 457 timebat,
1567 412 1718 461 quam

184 487 345 534 vitare
371 502 512 549 posse
539 485 795 531 celeritate
833 484 1069 546 putabat:
1109 499 1224 530 nam
1251 482 1375 529 talia
1399 481 1609 529 consilia
1630 496 1722 546 per

183 570 342 617 otium
387 575 437 615 ot
479 585 541 614 cx
579 566 958 630 opportunitate
997 566 1118 630 lepi-
1219 566 1297 612 At
1332 563 1590 623 Metellus,
1633 563 1722 611 ubi

184 653 458 717 oppidanos
495 652 682 715 proelio
708 651 945 707 intentos,
972 650 1121 696 simul
1147 648 1387 713 oppidum
1411 654 1465 696 et
1488 646 1723 712 operibus

185 744 236 785 et
259 738 366 785 loco
391 737 643 784 munitum
672 735 826 793 videt,
855 734 987 780 vallo
1025 733 1257 796 fossaque
1294 732 1492 780 moenia
1516 731 1723 780 circum·

187 819 337 867 venit.
415 817 612 866 Deinde
652 817 772 863 loeis
811 833 874 862 ex
914 815 1056 878 copia
1090 814 1307 861 maxime
1331 813 1525 861 idoneis
1549 812 1723 859 vineas

186 918 346 965 agero,
395 917 623 964 aggeri-111
667 899 850 961 jan-vro,
900 906 952 944 ct
999 914 1150 960 super
1197 912 1426 958 aggerem
1475 893 1724 959 impositis

189 984 411 1031 turribus
431 1000 554 1046 opus
575 991 621 1028 ct
644 981 966 1028 administros
988 980 1156 1026 tutari.
1235 980 1424 1027 Contra
1449 976 1570 1025 haec
1589 976 1724 1041 oppi-

187 1069 307 1116 dani
331 1068 587 1125 festinare,
617 1083 820 1130 parare:
859 1082 1062 1129 prorsus
1099 1065 1163 1111 ab
1201 1064 1427 1128 utrisque
1463 1062 1591 1110 nihil
1616 1061 1725 1109 reli-

187 1169 342 1217 quum
396 1152 516 1199 fiori.
594 1150 825 1213 Denique
882 1149 1116 1206 Romani,
1173 1148 1334 1195 multo
1383 1153 1502 1194 ante
1555 1145 1725 1193 labore

187 1237 487 1301 proeliisque
524 1234 740 1297 fatigati,
779 1240 892 1298 post
938 1233 1045 1280 dic-s
1093 1232 1442 1296 quadraginta,
1480 1246 1631 1294 quam
1668 1245 1727 1277 eo

189 1326 397 1368 ventum
435 1324 558 1377 crat,
597 1317 780 1381 oppido
817 1316 964 1364 modo
1011 1316 1192 1380 potiti:
1243 1314 1429 1379 praeda
1464 1314 1627 1362 omnis
1662 1314 1727 1361 ab

189 1400 412 1465 perfugis
461 1407 707 1462 corrupta.
810 1397 855 1444 Ii
906 1403 1171 1460 postquam
1229 1413 1428 1443 murum
1484 1395 1727 1444 arietibus

190 1485 330 1534 feriri
381 1499 557 1547 rosque
600 1499 715 1530 suas
757 1480 967 1528 afflictas
1013 1480 1204 1539 vident,
1242 1496 1422 1527 aurum
1465 1485 1618 1543 atque
1654 1495 1729 1526 ar-

190 1574 396 1632 gentum
432 1573 485 1614 et
517 1566 631 1624 alia,
659 1581 786 1629 quae
812 1564 975 1629 prima
1001 1563 1273 1622 ducuntur,
1298 1562 1502 1610 domum
1539 1562 1726 1626 regiam

190 1655 535 1715 comportant:
588 1649 660 1696 ibi
708 1648 827 1694 vino
876 1653 929 1695 et
975 1646 1138 1711 epulis
1185 1645 1397 1705 onerati,
1442 1645 1630 1709 illaque
1676 1651 1731 1694 et

189 1737 393 1785 domum
427 1742 480 1784 et
515 1740 674 1783 semet
710 1734 815 1797 igni
851 1738 1212 1796 corrumpunt,
1250 1738 1303 1780 et
1343 1747 1468 1795 quas
1504 1731 1630 1779 victi
1664 1731 1730 1779 ab

190 1821 418 1868 hostibus
456 1836 641 1884 poenas
678 1824 979 1876 metuerant,
1018 1833 1101 1864 eas
1149 1816 1246 1880 ipsi
1287 1815 1514 1863 volentes
1548 1830 1730 1879 pepen-

190 1905 320 1953 dere.

294 1987 580 2036 LXXVII.
658 1986 754 2034 Sed
798 1985 987 2049 pariter
1029 2001 1141 2032 cum
1182 1989 1330 2048 capta
1376 1981 1536 2030 Thala
1575 1981 1730 2045 legati

192 2087 255 2119 ex
287 2070 471 2135 oppido
504 2069 655 2133 Lepti
688 2069 752 2116 ad
785 2068 1053 2116 Metellum
1079 2071 1341 2126 venerant,
1367 2070 1585 2125 orantes,
1612 2064 1731 2112 “uti

192 2153 499 2219 praesidium
540 2152 953 2217 praefectumque
995 2168 1054 2199 eo
1089 2151 1346 2212 mitteret;
1383 2148 1730 2197 Hamilcarem

192 2239 474 2303 quemdam,
514 2237 768 2285 hominem
807 2237 1043 2295 nobilem,
1084 2235 1368 2294 factiosum,
1406 2234 1552 2282 novis
1581 2233 1731 2282 rebus

192 2322 395 2371 studere
412 2339 425 2383 3
451 2320 718 2369 adversum
743 2336 892 2383 quem
911 2335 1074 2383 neque
1093 2305 1305 2382 imperia
1324 2318 1729 2382 magistratuum,

192 2421 354 2469 neque
378 2405 512 2468 leges
537 2403 796 2463 valerent3
832 2401 888 2448 ni
911 2401 964 2449 id
989 2401 1270 2460 festinaret,
1296 2400 1350 2447 in
1375 2414 1572 2447 summo
1605 2398 1731 2463 peri-

193 2489 305 2536 culo
331 2505 470 2536 suam
498 2487 728 2545 salutem,
754 2485 957 2533 illorum
982 2484 1141 2531 socios
1177 2482 1329 2530 fore.'’
1401 2481 1538 2530 Nam
1562 2480 1731 2545 Lepti-

193 2572 302 2620 tani
320 2572 425 2635 jam
451 2571 568 2619 inde
605 2587 636 2618 a
670 2569 919 2634 principio
942 2568 1063 2615 belli
1086 2567 1122 2615 J
1127 2566 1392 2631 ugurthini
1413 2565 1479 2614 ad
1503 2564 1729 2614 Bestiam

193 2654 447 2702 consulem
473 2658 526 2701 et
548 2659 723 2717 postea
747 2651 964 2700 Romam
999 2650 1257 2710 miserant,
1282 2647 1558 2697 amicitiam
1581 2646 1732 2695 socie-

194 2741 449 2800 tatemque
485 2742 745 2800 rogatum:
783 2733 980 2794 deinde,
1006 2733 1095 2781 ubi
1130 2749 1190 2780 ea
1223 2733 1511 2796 impetrata,
1534 2744 1732 2793 semper

192 2820 313 2872 boni
344 2820 621 2885 *fidelesque
662 2835 905 2880 mansere,
942 2823 995 2866 et
1035 2823 1218 2865 cuncta
1255 2833 1286 2864 a
1323 2815 1512 2875 Bestia,
1537 2812 1751 2862 Albino*
