1875 3133
471 111 855 161 SALLUSTII
895 113 1295 163 JUGURTHA.
1579 117 1640 165 39

117 220 295 270 ceteris
334 226 443 269 arte
483 222 687 270 modum
730 223 994 271 statuisse:
1043 229 1303 287 praeterea
1344 225 1644 272 transversis

116 304 382 352 itineribus
417 305 641 368 quotidie
677 311 842 353 castra
873 323 1072 354 movere
1088 325 1101 367 3
1131 307 1284 370 juxta
1315 324 1371 355 ac
1404 308 1447 355 si
1477 307 1644 356 hostes

116 385 362 446 adessent,
404 387 538 434 vallo
584 393 736 451 atque
776 388 911 436 fossa
951 390 1163 448 munire,
1206 391 1404 454 vigilias
1447 392 1644 439 crebras

116 487 314 535 ponere,
340 477 393 520 et
415 472 520 535 ipse
545 488 659 520 cum
683 473 861 536 legatis
887 474 1147 522 circumire
1167 493 1176 522 z
1214 475 1336 523 item
1369 475 1423 522 in
1447 476 1644 539 agmine

48 569 54 573 ·
116 554 171 600 in
210 553 386 617 primis
420 553 582 614 modo,
620 554 767 602 modo
802 556 856 602 in
891 557 1170 620 postremis,
1209 574 1354 621 saepe
1392 558 1446 604 in
1480 557 1644 605 medio

116 635 303 695 adesse,
322 652 386 683 ne
410 637 673 700 quisquam
698 637 872 686 ordine
897 639 1230 702 egrederetur,
1251 640 1330 687 uti
1353 657 1465 687 cum
1491 640 1644 704 signis

116 717 404 781 frequentes
435 718 739 778 incederent,
774 721 916 768 miles
949 721 1115 768 cibum
1149 727 1201 769 et
1235 739 1374 769 arma
1404 728 1639 786 portaret.

118 800 203 848 Ita
232 800 542 864 prohibendo
575 819 605 849 a
637 802 848 862 delictis,
876 805 1033 867 magis
1058 821 1208 868 quam
1237 805 1541 853 vindicando
1565 822 1646 853 ex-

117 883 330 931 ercitum
354 885 497 932 brevi
522 886 848 933 confirmavit.

220 966 418 1015 XLVI.
511 968 716 1016 Interea
761 969 797 1017 J
801 969 1033 1032 ugurtha,
1083 970 1185 1029 ubi,
1228 987 1355 1034 quae
1407 970 1645 1018 Metellus

118 1051 299 1114 agebat
339 1068 404 1099 ex
444 1053 643 1100 nunciis
684 1055 877 1117 accepit
917 1055 1066 1101 simul
1107 1055 1168 1102 de
1210 1055 1498 1103 innocentia
1538 1056 1645 1118 ejus

118 1134 302 1181 certior
332 1134 525 1183 Romae
554 1135 734 1195 factus,
760 1136 983 1184 diffidere
1016 1137 1119 1184 suis
1151 1138 1315 1197 rebus,
1341 1154 1397 1185 ac
1428 1143 1536 1185 tum
1567 1138 1645 1185 de-

118 1233 256 1264 mum
297 1234 467 1266 veram
509 1218 814 1266 deditionem
861 1219 1025 1267 facere
1067 1226 1275 1268 conatus
1316 1226 1403 1268 est.
1479 1221 1646 1284 Igitur

117 1299 306 1363 legatos
329 1300 394 1348 ad
417 1301 671 1349 consulem
696 1318 809 1349 cum
834 1303 1092 1366 suppliciis
1117 1304 1292 1362 mittit,
1315 1303 1402 1367 qui
1426 1308 1644 1350 tantum-

116 1381 264 1430 modo
291 1382 389 1446 ipsi
419 1383 688 1448 liberisque
720 1385 878 1432 vitam
911 1391 1155 1448 peterent,
1182 1386 1281 1433 alia
1313 1387 1480 1433 omnia
1503 1386 1644 1434 dede-

116 1466 232 1510 rent
264 1462 450 1525 populo
486 1462 727 1510 Romano.
805 1463 902 1511 Sed
939 1463 1148 1512 Metello
1177 1466 1282 1527 jam
1319 1471 1468 1513 antea
1503 1482 1646 1529 expe-

116 1544 346 1593 rimentis
393 1546 648 1609 cognitum
690 1552 800 1594 erat
838 1563 995 1610 genus
1037 1547 1375 1596 Numidarum
1417 1549 1642 1607 infidum,

117 1626 317 1690 ingenio
348 1628 536 1686 mobili,
562 1644 806 1675 novarum
838 1646 1005 1676 rerum
1039 1631 1242 1678 avidum
1272 1648 1388 1679 esse.
1465 1632 1645 1696 Itaque

117 1708 308 1772 legatos
343 1710 497 1757 alium
534 1711 597 1757 ab
638 1711 737 1758 alio
772 1710 995 1758 diversos
1033 1713 1324 1775 adgreditur
1339 1732 1353 1774 3
1401 1731 1473 1773 ae,
1510 1715 1647 1778 paul-

116 1792 260 1841 latim
292 1792 551 1851 tentando,
576 1798 840 1856 postquam
874 1800 1182 1856 opportunos
1209 1796 1457 1858 cognovit,
1484 1797 1646 1845 multa

114 1873 411 1939 pollicendo,
427 1874 710 1937 persuadet,
734 1876 849 1922 “uti
873 1876 909 1923 J
915 1877 1199 1938 ugurtham,
1217 1879 1434 1926 maxime
1453 1881 1642 1939 vivum,

114 1957 194 2004 sin
228 1956 282 2003 id
316 1973 495 2020 parum
530 1957 782 2020 procedat,
817 1964 1049 2006 necatum
1087 1960 1182 2007 sibi
1218 1961 1540 2011 traderent:”
1574 1981 1645 2011 ce-

115 2046 280 2088 terum
312 2041 494 2104 palam,
519 2058 646 2105 quae
678 2058 741 2088 ex
773 2042 1036 2089 voluntate
1069 2042 1250 2101 forent,
1269 2045 1372 2107 regi
1414 2047 1644 2094 nunciari

108 2123 265 2185 jubet.
341 2123 540 2172 Deinde
581 2125 686 2188 ipse
727 2125 900 2188 paucis
942 2125 1117 2173 diebus
1153 2126 1350 2174 intento
1386 2134 1537 2192 atque
1573 2130 1644 2177 in-

115 2204 245 2252 festo
290 2207 516 2253 exercitu
562 2207 617 2254 in
663 2207 960 2255 Numidiam
1008 2208 1235 2272 procedit
1252 2227 1265 2270 5
1318 2211 1419 2269 ubi,
1469 2218 1644 2259 contra

115 2288 233 2335 belli
272 2288 467 2348 faciem,
505 2291 709 2352 tuguria
755 2291 904 2354 plena
956 2290 1231 2351 hominum,
1269 2309 1447 2355 pecora
1488 2295 1641 2342 culto-

115 2387 289 2434 resque
324 2372 378 2418 in
413 2373 545 2435 agris
577 2379 749 2421 erant:
787 2391 851 2421 ex
883 2375 1079 2438 oppidis
1111 2380 1164 2422 et
1194 2376 1474 2438 mapalibus
1505 2394 1641 2441 prae-

114 2452 234 2500 fecti
266 2454 395 2516 regis
426 2455 562 2502 obvii
594 2457 944 2519 procedebant,
971 2458 1135 2521 parati
1168 2458 1479 2507 frumentum
1504 2461 1638 2520 dare,

112 2541 442 2583 commeatum
489 2544 705 2600 portare,
748 2545 1000 2602 postremo
1042 2540 1223 2599 omnia,
1264 2557 1391 2605 quae
1432 2543 1640 2606 impera-

113 2621 303 2674 rentur,
345 2615 520 2664 facere.
596 2618 775 2683 Neque
823 2620 1062 2668 Metellus
1103 2622 1288 2670 idcirco
1329 2623 1509 2683 minus,
1553 2625 1637 2672 sed

111 2698 301 2762 pariter
327 2714 384 2744 ac
408 2698 451 2745 si
482 2698 650 2748 hostes
673 2702 919 2762 adessent,
945 2705 1141 2752 munito
1165 2706 1362 2768 agmine
1393 2707 1635 2765 incedere,

111 2780 212 2828 late
253 2779 514 2843 explorare
559 2784 742 2842 omnia,
785 2785 873 2833 illa
919 2786 1188 2835 deditionis
1235 2788 1377 2852 signa
1417 2792 1637 2837 ostentui
