1875 3117
258 123 319 168 82
607 123 985 173 SALLUSTII
1028 123 1426 175 JUGURTHA.

256 231 396 277 orbes
434 230 625 292 facere3
673 238 822 295 atque
864 232 937 278 ita
978 232 1041 278 ab
1083 232 1312 278 omnibus
1352 231 1578 294 partibus
1620 231 1767 278 simul

255 313 376 359 tecti
400 318 451 359 et
474 313 707 359 instructi
731 313 950 360 hostium
975 313 1077 359 vim
1103 313 1462 359 sustentabant.

356 393 610 441 XCVIII.
686 394 863 456 Neque
899 394 953 440 in
990 410 1046 440 eo
1086 401 1188 440 tam
1229 410 1400 456 aspero
1438 393 1636 456 negotio
1674 399 1768 441 ter-

255 474 381 521 ritus
418 475 612 521 Marius
648 481 736 521 aut
771 475 941 537 magis,
973 491 1121 536 quam
1157 480 1318 533 antea,
1357 475 1567 521 demisso
1602 475 1767 521 animo

255 556 367 614 fuit,
406 556 491 602 sed
528 573 639 602 cum
676 562 842 602 turma
877 573 980 614 sua,
1012 572 1159 619 quam
1196 573 1259 602 ex
1294 556 1576 603 fortissimis
1611 557 1767 619 magis

255 654 403 699 quam
455 637 854 684 familiarissimis
909 644 1185 700 paraverat,
1240 639 1410 700 vagari
1464 639 1662 701 passim,
1711 655 1766 685 ac

255 719 399 765 inodo
436 719 776 766 laborantibus
813 719 915 766 suis
951 736 1250 778 succurrere,
1287 721 1432 767 modo
1467 721 1647 779 hostes,
1681 722 1767 766 ubi

257 800 605 847 confertissimi
653 802 966 859 obstiterant,
1005 802 1240 848 invadere
1257 819 1269 861 3
1317 819 1469 849 manu
1515 803 1767 849 consulere

236 883 512 941 militibus,
541 884 774 944 quoniam
808 883 1050 945 imperare
1076 878 1637 931 conturbatisxomnibus
1668 900 1768 930 non

255 970 460 1026 poterat.
536 965 751 1027 Jamque
788 965 891 1011 dies
929 972 1250 1027 consumptus
1275 971 1396 1023 erat,
1423 981 1576 1028 quum
1601 971 1769 1012 tamen

254 1046 453 1092 barbari
485 1046 611 1092 nihil
641 1047 910 1105 remittere,
937 1052 1100 1109 atque,
1129 1047 1205 1092 uti
1233 1063 1371 1109 reges
1400 1053 1766 1110 praeceperant,

255 1134 450 1174 noctem
486 1144 575 1190 pro
612 1145 662 1174 se
698 1129 809 1186 rati,
845 1129 1006 1174 acrius
1042 1129 1239 1175 instare.
1314 1129 1440 1175 Tum
1478 1129 1672 1176 Marius
1707 1146 1769 1177 ex

258 1210 397 1272 copia
428 1226 593 1256 rerum
628 1210 886 1256 consilium
921 1210 1091 1268 trahit,
1119 1216 1282 1273 atque,
1309 1211 1386 1256 uti
1418 1211 1520 1257 suis
1548 1195 1768 1274 receptui

257 1293 392 1338 locus
429 1303 571 1350 esset,
605 1292 751 1338 colles
788 1292 910 1338 duos
946 1293 1248 1354 propinquos
1284 1293 1416 1339 inter
1448 1309 1499 1339 se
1531 1299 1768 1355 occupat3

257 1390 465 1436 quorum
495 1374 549 1419 in
573 1390 687 1431 uno,
716 1374 889 1419 castris
913 1390 1089 1435 parum
1115 1374 1292 1436 amplo,
1319 1373 1431 1420 fons
1455 1391 1611 1437 aquae
1634 1391 1767 1436 mag-

256 1473 350 1502 nus
393 1461 513 1513 erat,
558 1456 684 1501 alter
725 1456 838 1501 usui
880 1461 1202 1517 opportunus,
1247 1456 1364 1518 quia
1403 1473 1583 1518 magna
1628 1462 1770 1518 parte

257 1539 420 1586 editus
445 1544 497 1584 et
519 1554 751 1600 praeceps
775 1553 933 1599 pauca
956 1537 1267 1583 munimenta
1290 1538 1570 1599 quaerebat.
1634 1537 1771 1585 Cete-

256 1637 367 1666 rum
404 1620 536 1681 apud
572 1636 750 1681 aquam
789 1618 976 1664 Sullam
1013 1634 1124 1664 cum
1162 1618 1411 1680 equitibus
1447 1624 1643 1665 noctem
1675 1619 1771 1681 agi-

258 1708 364 1749 tare
405 1702 551 1763 jubet
569 1719 579 1760 3
628 1702 732 1763 ipse
778 1700 1040 1763 paullatim
1083 1700 1327 1762 dispersos
1374 1701 1573 1759 milites,
1612 1717 1770 1763 neque

258 1784 422 1830 minus
454 1783 679 1829 hostibus
713 1782 1036 1839 conturbatis,
1066 1782 1120 1827 in
1152 1798 1308 1827 unum
1341 1782 1592 1828 contrahit
1606 1799 1620 1842 3
1656 1782 1771 1829 dein

260 1871 461 1912 cunctos
485 1865 631 1927 pleno
655 1864 812 1926 gradu
836 1864 890 1909 in
909 1864 1082 1910 collem
1107 1863 1352 1912 subducit.
1414 1863 1497 1910 Ita
1516 1880 1654 1925 reges
1676 1863 1770 1910 loci

259 1947 550 1993 difficultate
589 1947 759 2003 coacti,
797 1946 982 2008 proelio
1021 1946 1336 1992 deterrentur
1351 1962 1365 2005 3
1406 1962 1567 2007 neque
1603 1950 1771 1992 tamen

260 2045 373 2074 suos
421 2028 614 2089 longius
663 2028 798 2074 abire
839 2028 1026 2086 sinunt,
1071 2028 1155 2074 sed
1197 2033 1407 2089 utroque
1446 2027 1568 2074 colle
1607 2027 1786 2074 multi—⁷

260 2110 435 2156 tudine
465 2110 768 2156 circumdato
802 2110 945 2156 effusi
978 2110 1250 2156 consedere.
1326 2109 1460 2156 Dein
1492 2110 1675 2157 crebris
1705 2110 1772 2171 ig-

260 2192 407 2238 nibus
427 2191 573 2237 factis
597 2191 887 2253 plerumque
912 2192 1071 2238 noctis
1095 2191 1295 2237 barbari
1319 2208 1408 2238 suo
1426 2208 1562 2238 moro
1581 2192 1770 2248 laetari,

262 2273 527 2331 exsultare,
554 2278 771 2334 strepere
796 2274 1015 2330 vocibus,
1042 2278 1094 2319 et
1124 2273 1220 2334 ipsi
1252 2273 1401 2319 duces
1429 2273 1631 2332 feroces,
1657 2273 1772 2335 quia

261 2371 362 2401 non
399 2354 654 2416 fugerent,
685 2370 773 2416 pro
816 2355 1088 2401 victoribus
1128 2371 1281 2415 agere.
1358 2355 1455 2401 Sed
1496 2371 1555 2401 ea
1595 2360 1772 2402 cuncta

264 2436 504 2482 Romanis
540 2452 603 2482 ex
637 2436 856 2481 tenebris
892 2441 943 2482 et
975 2435 1265 2482 editioribus
1306 2435 1426 2482 locis
1460 2435 1629 2482 facilia
1661 2435 1773 2482 visu

262 2533 537 2583 magnoque
561 2517 875 2563 hortamento
900 2522 1053 2563 erant.

365 2597 559 2645 XCIX.
623 2598 902 2644 Plurimum
927 2614 1043 2644 vero
1066 2597 1260 2645 Marius
1283 2599 1534 2662 imperitia
1555 2598 1771 2645 hostium

265 2667 583 2727 confirmatus
618 2696 766 2742 quam
802 2679 1074 2726 maximum
1111 2680 1366 2727 silentium
1400 2680 1573 2727 haberi
1599 2680 1744 2742 jubet
1757 2697 1773 2738 3

263 2778 326 2809 ne
367 2761 506 2825 signa
553 2762 767 2825 quidem,
808 2762 884 2809 uti
921 2746 1018 2825 'per
1064 2762 1259 2824 vigilias
1305 2763 1544 2822 solebant,
1584 2777 1766 2815 canere.
