1875 3117
258 146 321 192 86
607 146 780 195 SALL
793 146 990 195 USTII
1031 146 1440 196 JUGURTHA.

257 272 415 302 meres
440 256 667 303 acerbam
694 257 1130 315 necessitudinem,
1156 258 1346 321 pariter
1369 262 1421 305 te
1452 262 1702 306 errantem
1735 263 1788 306 et

257 337 398 383 illum
434 337 867 384 sceleratissimum
906 340 1147 401 persequi.
1223 338 1310 385 Ad
1347 338 1440 385 hoc
1471 339 1656 402 populo
1689 339 1787 387 Ro-

256 436 404 467 mano
440 421 544 483 jam
589 438 618 467 a
654 421 900 484 principio
945 419 1123 488 [inopi]
1166 422 1345 468 melius
1386 421 1567 481 visum,
1603 422 1787 469 amicos

256 522 405 567 quam
433 522 600 552 servos
626 522 885 568 quaerere,
919 506 1178 568 tutiusque
1203 506 1302 551 rati
1327 505 1614 553 volentibus
1636 522 1785 570 quam

256 589 444 635 coactis
472 589 772 651 imperitare.
849 589 962 635 Tibi
995 604 1113 635 vero
1148 589 1289 635 nulla
1321 588 1650 652 opportunior
1679 605 1788 637 nos-

257 662 343 718 tra
372 668 624 732 amicitia'3
661 673 894 735 primum,
933 671 1063 734 quod
1101 672 1274 735 procul
1310 672 1563 732 absumus,
1600 673 1655 720 in
1689 689 1788 736 quo

257 757 471 802 offensae
504 756 784 813 minimum,
811 756 974 818 gratia
1007 772 1098 818 par
1130 772 1187 802 ac
1222 755 1263 801 si
1296 771 1449 818 prope
1473 755 1757 803 adessemus
1774 773 1786 815 3

257 839 387 890 dein,
409 838 538 902 quod
566 844 798 901 parentes
823 838 1021 885 abunde
1047 838 1302 897 habemus,
1329 838 1601 885 amicorum
1626 855 1788 902 neque

257 921 401 967 nobis
437 937 598 983 neque
632 921 863 983 cuiquam
898 921 1121 967 omnium
1155 921 1290 967 satiS.
1365 920 1540 984 Atque
1571 919 1665 967 hoc
1694 922 1790 967 uti-

257 1021 371 1050 nam
410 1021 439 1050 a
475 1004 720 1067 principio
763 1004 857 1050 tibi
899 1004 1196 1066 placuisset!
1245 1002 1470 1066 profecto
1505 1019 1570 1050 ex
1603 1003 1790 1066 populo

259 1088 488 1134 Romano
521 1088 583 1134 ad
618 1088 710 1134 hoc
743 1093 941 1151 tempus
974 1088 1134 1134 multo
1167 1088 1314 1150 plura
1344 1088 1476 1134 bona
1500 1086 1788 1150 accepisses,

258 1186 405 1231 quam
443 1169 575 1215 mala
607 1186 869 1232 perpessus
902 1186 964 1216 es.
1043 1169 1154 1227 Sed,
1186 1169 1423 1232 quoniam
1455 1167 1790 1215 humanarum

257 1268 422 1298 rerum
451 1251 676 1298 Fortuna
700 1252 936 1314 pleraque
962 1253 1106 1314 regit,
1133 1253 1215 1299 cui
1247 1253 1439 1299 scilicet
1469 1251 1715 1316 placuisse
1739 1256 1791 1299 te

257 1339 309 1379 et
333 1333 435 1380 vim
463 1339 514 1380 et
542 1334 754 1396 gratiam
786 1340 1007 1380 nostram
1035 1334 1268 1397 experiri,
1294 1351 1444 1393 nunc,
1470 1334 1671 1398 quando
1702 1350 1792 1397 per

258 1416 396 1462 illam
447 1416 579 1474 licet,
618 1416 804 1463 festina
852 1422 1003 1479 atque
1040 1423 1099 1463 ut
1135 1417 1342 1480 coepisti
1384 1433 1546 1480 perge.
1621 1415 1791 1464 Multa

259 1506 408 1563 atque
458 1505 741 1562 opportuna
796 1500 963 1557 habes,
1014 1517 1112 1563 quo
1159 1500 1359 1547 facilius
1406 1505 1572 1548 errata
1618 1500 1792 1547 officiis

258 1598 471 1644 superes.
549 1581 810 1629 Postremo
835 1582 926 1629 hoc
952 1583 1006 1629 in
1030 1588 1204 1645 pectus
1229 1588 1375 1629 tuum
1400 1582 1626 1642 demitte,
1650 1599 1792 1629 num-

258 1683 407 1729 quam
456 1666 697 1729 populum
748 1667 1034 1714 Romanum
1082 1667 1337 1714 beneficiis
1384 1667 1606 1715 victum:
1656 1683 1790 1725 nam,

258 1752 388 1798 bello
413 1751 531 1814 quid
568 1752 749 1809 valeat,
775 1756 886 1799 tute
917 1751 1056 1799 scis.''
1126 1752 1214 1799 Ad
1247 1768 1306 1799 ea
1338 1750 1567 1798 Bocchus
1597 1750 1792 1814 placide

258 1843 310 1881 et
341 1837 556 1898 benigne
574 1854 586 1896 3
624 1836 773 1883 simul
806 1853 965 1899 pauca
997 1853 1087 1900 pro
1119 1836 1302 1884 delicto
1334 1852 1424 1884 suo
1455 1835 1610 1882 verba
1636 1835 1790 1882 facit:

262 1924 351 1963 “se
377 1933 478 1964 non
503 1917 674 1963 hostili
699 1919 880 1975 animO,
908 1919 993 1965 sed
1019 1920 1081 1966 ob
1106 1935 1314 1981 regnum
1339 1917 1627 1976 tutandum,
1651 1933 1792 1964 arma

259 2000 474 2062 cepisse:
513 2016 629 2046 nam
667 2000 940 2048 Numidiae
976 2007 1186 2065 partem,
1225 2000 1358 2048 unde
1393 2000 1447 2046 vi
1481 1998 1790 2062 ,Iugurtham

259 2082 525 2144 expulerit,
569 2082 684 2144 jure
732 2083 850 2129 belli
900 2101 1040 2130 suam
1088 2083 1290 2141 factam,
1334 2099 1443 2130 eam
1490 2082 1681 2129 vastari
1727 2081 1792 2128 ab

260 2164 426 2211 Mario
450 2164 558 2227 pati
581 2165 888 2227 nequivisse:
913 2171 1185 2228 praeterea,
1211 2165 1376 2212 missis
1400 2170 1551 2212 antea
1575 2163 1788 2211 Romam

260 2249 453 2311 legatis,
483 2248 739 2311 repulsum
773 2250 836 2295 ab
869 2250 1101 2296 amicitia.
1178 2249 1412 2296 Ceterum
1445 2252 1619 2303 vetera
1649 2248 1792 2295 omit-

259 2340 380 2390 tere,
412 2348 468 2379 ac
502 2337 627 2390 tum,
659 2332 701 2379 si
733 2349 822 2396 per
853 2332 1076 2379 Marium
1112 2333 1300 2391 liceret,
1330 2332 1519 2395 legatos
1555 2331 1620 2379 ad
1655 2347 1793 2379 sena-

261 2420 370 2460 tum
413 2414 727 2461 missurum.''
799 2414 948 2472 Dein,
987 2415 1129 2478 copia
1163 2414 1314 2473 facta,
1352 2414 1550 2461 animus
1589 2413 1792 2460 barbari

229 2498 324 2544 ‘ab
372 2497 545 2544 amicis
592 2497 768 2557 flexus,
812 2514 935 2561 quos
982 2485 1255 2560 Jffgurtha,
1299 2497 1499 2560 cognita
1542 2497 1791 2560 legatione

263 2580 433 2626 Sullae
469 2585 520 2626 et
555 2579 755 2640 Manlii,
792 2586 1022 2628 metuens
1056 2580 1110 2627 id
1147 2579 1281 2643 quod
1321 2579 1610 2643 parabatur,
1647 2578 1792 2625 donis

263 2666 564 2724 corruperat.
1361 2712 1365 2714 ,

366 2743 513 2791 ΟΙΙΙ.
588 2743 785 2791 Marius
820 2745 1028 2803 interea,
1063 2744 1290 2791 exercitu
1321 2743 1376 2790 in
1407 2742 1630 2789 hibernis
1665 2757 1793 2788 com-

260 2825 440 2890 posito,
481 2843 593 2873 cum
635 2827 885 2890 expeditis
926 2827 1214 2875 cohortibus
1254 2835 1308 2873 et
1351 2830 1496 2889 parte
1534 2824 1792 2888 equitatus
