1875 3133
483 125 660 175 SALL
672 111 871 176 U'STJJ
913 127 1051 177 απ
1061 126 1314 175 URTHA.
1599 127 1661 173 55

126 242 272 287 verat
285 255 301 299 3
336 236 591 298 honorem,
609 238 744 303 quod
768 255 940 286 eorum
959 238 1107 303 medo
1132 237 1280 296 foret,
1301 252 1425 300 quos
1450 235 1665 299 populus

128 321 390 369 Romanus
413 339 553 386 reges
572 323 928 386 appellavisset
944 341 956 383 5
993 321 1315 386 praesidium,
1336 319 1469 383 quod
1495 324 1666 366 contu-

127 405 389 453 meliosum
425 405 482 452 in
522 422 606 453 eos
648 405 794 465 foret,
834 406 876 452 si
917 406 1113 469 equites
1155 403 1376 452 Romani
1424 402 1667 450 satellites

128 487 384 536 Numidae
415 488 750 536 traderentur.
828 489 984 536 Hunc
1022 488 1220 536 Marius
1250 487 1460 535 anxium
1497 497 1667 549 aggre-

127 572 283 632 ditur,
313 576 466 635 atque
501 571 750 630 hortatur,
789 572 866 619 uti
899 571 1318 619 contumeliarum
1351 568 1668 632 imperatoris

129 672 243 703 cum
279 671 370 703 suo
406 654 598 702 auxilio
633 671 820 718 poenas
855 661 1024 718 petat:
1075 654 1328 701 hominem
1372 653 1435 699 ob
1471 651 1668 698 morbos

127 738 298 786 animo
321 754 500 801 parum
525 737 695 785 valido
720 738 939 785 secunda
958 738 1184 784 oratione
1209 735 1439 783 extollit:
1480 734 1667 781 “illum

129 837 313 885 regem,
338 820 595 884 ingentem
629 821 811 879 virum,
847 820 1147 868 Masinissae
1183 824 1418 882 nepotem
1455 833 1589 865 esse:
1629 817 1670 863 si

129 904 167 953 J
170 903 391 968 ugurtha
415 909 592 967 captus
616 909 707 951 aut
731 904 922 951 occisus
940 903 1088 962 foret,
1109 902 1376 966 imperium
1397 900 1671 948 Numidiae

131 988 239 1036 sine
263 1003 404 1036 mora
427 987 720 1034 habiturum
742 1005 751 1035 z
789 987 841 1034 id
861 987 985 1034 adeo
1009 992 1207 1033 mature
1224 1001 1366 1048 posse
1392 983 1609 1041 evenire,
1630 983 1672 1029 si

132 1072 239 1135 ipse
262 1071 437 1119 consul
462 1070 526 1118 ad
550 1070 602 1117 id
617 1071 806 1118 bellum
826 1070 1007 1117 missus
1022 1068 1199 1116 foret''
1260 1067 1442 1137 Itaque
1462 1072 1514 1113 et
1529 1066 1673 1112 illum

130 1160 187 1203 et
208 1155 404 1219 equites
430 1153 702 1212 Romanos,
728 1153 916 1200 milites
941 1158 994 1200 et
1018 1151 1372 1215 negotiatores,
1400 1150 1525 1197 alios
1550 1149 1671 1212 ipse,

133 1238 397 1302 plerosque
429 1254 542 1300 spes
569 1236 707 1300 pacis
743 1236 975 1300 impellit,
1003 1236 1080 1282 uti
1116 1235 1332 1282 Romam
1363 1233 1427 1280 ad
1454 1249 1568 1280 suos
1593 1248 1675 1278 ne-

134 1320 373 1369 cessarios
397 1336 570 1384 aspere
594 1320 650 1367 in
674 1319 942 1367 Metellum
963 1319 1024 1366 de
1039 1319 1171 1366 bello
1188 1318 1427 1375 scribant,
1449 1315 1675 1363 Marium

134 1389 751 1468 imperatoremstposcant.
829 1403 911 1451 Sic
953 1403 1029 1450 illi
1077 1420 1106 1450 a
1153 1402 1329 1449 multis
1376 1400 1675 1448 mortalibus

133 1486 488 1535 honestissima
506 1487 865 1550 suffragatione
882 1487 1172 1534 consulatus
1188 1485 1457 1549 petebatur
1477 1502 1485 1532 :
1526 1483 1676 1531 simul

135 1586 197 1618 ea
219 1574 521 1634 tempestate
545 1561 731 1634 plebes,
762 1570 1028 1618 nobilitate
1061 1570 1176 1617 fusa
1199 1586 1288 1633 per
1313 1569 1472 1631 legem
1499 1566 1677 1614 Mami-

138 1652 273 1711 liam,
299 1669 457 1700 novos
481 1652 768 1700 extollebat.
846 1652 931 1700 Ita
956 1652 1123 1699 Mario
1150 1657 1332 1699 cuncta
1357 1650 1636 1715 procedere.

241 1735 440 1783 LXVI.
518 1735 733 1783 Interim
769 1735 806 1783 J
810 1735 1045 1799 ugurtha,
1079 1740 1344 1799 postquam
1381 1734 1564 1781 omissa
1599 1732 1679 1780 de-

137 1818 331 1866 ditione
354 1818 543 1866 bellum
568 1818 763 1882 incipit,
791 1835 905 1866 cum
937 1835 1120 1881 magma
1145 1835 1266 1865 cura
1291 1833 1469 1881 parare
1494 1815 1676 1871 omnia,

138 1900 397 1960 festinare,
424 1917 598 1964 cogere
622 1901 900 1949 exercitum
919 1919 932 1962 3
970 1902 1217 1960 civitates,
1238 1917 1366 1965 quae
1385 1901 1449 1947 ab
1474 1916 1525 1947 se
1551 1898 1680 1946 defe-

141 1988 331 2044 cerant,
364 1983 650 2044 formidine,
683 1990 775 2032 aut
803 1985 1104 2033 ostentando
1140 1985 1377 2049 praemia,
1416 1984 1679 2041 affectare:

142 2066 451 2114 communire
474 2083 590 2115 suos
614 2067 748 2115 locos
765 2086 778 2129 3
814 2085 969 2128 arma,
996 2069 1112 2128 tela,
1140 2069 1254 2127 alia,
1281 2083 1408 2131 quae
1434 2083 1519 2130 spe
1545 2065 1681 2130 pacis

142 2149 395 2210 amiserat,
438 2151 657 2210 reficere,
700 2156 792 2198 aut
839 2152 1163 2199 commercari
1183 2170 1195 2212 3
1249 2150 1458 2198 servitia
1501 2149 1682 2196 Roma-

145 2248 326 2280 norum
361 2233 577 2294 allicere,
615 2239 668 2282 et
703 2251 786 2282 eos
822 2235 971 2299 ipsos,
1006 2236 1093 2299 qui
1130 2235 1184 2282 in
1220 2234 1484 2299 praesidiis
1520 2240 1680 2289 erant,

145 2315 359 2379 pecunia
375 2320 574 2365 tentare
592 2333 606 2377 ;
641 2334 846 2381 prorsus
862 2318 990 2366 nihil
1009 2319 1258 2367 intactum
1275 2333 1436 2381 neque
1455 2316 1679 2380 quietum

146 2397 255 2462 pati
271 2414 285 2458 3
320 2403 504 2446 cuncta
538 2400 741 2463 agitare.
819 2400 988 2464 Igitur
1013 2401 1289 2465 VagenseS,
1315 2417 1414 2463 quo
1443 2399 1683 2447 Metellus

148 2480 311 2540 initio,
353 2480 391 2529 J
393 2482 614 2544 ugurtha
659 2485 972 2547 pacificante,
1015 2485 1321 2549 praesidium
1360 2483 1683 2547 imposuerat,

149 2563 353 2627 fatigati
376 2563 507 2626 regis
531 2566 807 2630 suppliciis,
824 2584 985 2632 neque
1005 2573 1156 2615 antea
1174 2567 1437 2614 voluntate
1460 2566 1683 2623 alienati,

150 2646 402 2712 principes
426 2646 650 2697 civitatis
673 2649 809 2698 inter
831 2668 883 2699 se
909 2651 1204 2713 conjurant:
1242 2667 1360 2698 nam
1385 2650 1582 2713 vulgus,
1608 2650 1687 2696 uti

150 2723 447 2795 plerumque
478 2730 620 2790 solet,
646 2736 699 2779 et
721 2734 940 2781 maxime
970 2733 1327 2794 Numidarum,
1352 2733 1554 2796 ingenio
1586 2748 1685 2779 mo-

151 2812 259 2874 bili,
283 2811 576 2861 seditiosum
606 2818 758 2880 atque
786 2816 1147 2865 discordiosum
1182 2821 1307 2877 erat,
1333 2815 1570 2880 cupidum
1603 2829 1687 2862 no-
