1875 3133
520 100 909 152 SALLUSTII
951 101 1356 152 JUGURTHA.
1443 159 1455 170 .
1661 104 1721 151 15

170 215 303 279 regis
344 213 666 277 largitionem
711 213 958 262 famosam
1006 215 1469 280 impudentemque,
1513 217 1722 275 veritus,

171 299 308 364 quod
340 299 396 346 in
431 299 526 346 tali
558 315 614 346 re
650 299 792 359 solet,
820 316 885 347 ne
916 301 1115 364 polluta
1145 301 1353 348 licentia
1376 300 1623 348 invidiam
1649 318 1724 348 ac-

172 382 425 443 cenderet,
452 383 680 430 animum
705 400 735 430 a
761 390 1003 433 consueta
1025 385 1255 433 lubidine
1281 385 1548 433 continuit.

276 465 433 514 XVI.
508 465 656 513 Vicit
692 472 866 514 tamen
894 466 950 514 in
975 473 1156 516 senatu
1179 484 1298 533 pars
1320 468 1424 528 illa,
1452 484 1580 532 quae
1605 484 1724 517 vero

172 550 397 614 pretium
434 556 526 598 aut
561 551 779 615 gratiam
815 551 1146 602 anteferebat.
1221 552 1499 601 Decretum
1534 553 1609 612 fit,
1647 554 1724 600 uti

175 635 348 683 decem
385 635 542 699 legati
577 651 806 699 regnum,
832 636 967 700 quod
1003 637 1224 702 Micipsa
1259 639 1566 699 obtinuerat,
1590 638 1726 686 inter

172 718 209 766 J
212 719 487 783 ugurtham
536 723 589 768 et
635 720 983 768 Adherbalem
1032 721 1350 771 dividerent:
1407 723 1550 786 cujus
1598 723 1727 787 lega-

173 802 330 851 tionis
353 803 590 868 princeps
614 804 717 852 fuit
742 804 798 853 L.
823 804 1072 869 Opimius,
1092 805 1242 854 homo
1269 807 1434 854 clarus
1460 812 1511 854 et
1534 811 1646 855 tum
1671 807 1726 854 in

172 894 355 937 senatu
390 894 572 954 potens
589 908 602 951 3
641 891 761 954 quia
794 891 970 938 consul
1005 891 1057 939 O.
1089 891 1317 939 Graccho
1355 897 1405 939 et
1439 891 1511 940 M.
1541 892 1726 940 Fulvio

172 973 355 1022 Flacco
379 974 665 1022 interfectis
690 976 933 1023 acerrime
952 976 1219 1023 victoriam
1245 977 1530 1026 nobilitatis
1554 978 1610 1025 in
1627 979 1726 1043 ple-

170 1057 287 1104 bem
326 1062 636 1105 exercuerat.
714 1049 848 1105 Eum
891 1058 928 1106 J
933 1059 1154 1121 ugurtha
1191 1060 1397 1107 tametsi
1436 1059 1630 1108 Romae
1672 1061 1727 1108 in

171 1139 392 1188 inimicis
416 1140 681 1201 habuerat,
703 1146 877 1189 tamen
897 1143 1274 1191 accuratissime
1293 1144 1484 1208 recepit
1506 1162 1520 1205 3
1560 1144 1726 1193 dando

172 1228 225 1271 et
249 1224 580 1288 pollicitando
604 1225 769 1272 multa
793 1225 1023 1289 perfecit,
1051 1227 1129 1274 uti
1154 1226 1305 1287 fama,
1333 1227 1446 1288 fide,
1473 1233 1728 1292 postremo

171 1306 407 1354 omnibus
432 1307 538 1355 suis
566 1308 718 1356 rebus
749 1309 1068 1356 commodum
1101 1309 1233 1373 regis
1263 1310 1554 1360 anteferret.
1631 1311 1728 1360 Re-

170 1388 338 1453 liquos
373 1390 568 1454 legatos
606 1391 782 1440 eadem
819 1393 905 1440 via
941 1409 1219 1456 aggressus,
1258 1394 1523 1458 plerosque
1561 1396 1696 1459 capit
1713 1415 1725 1457 3

171 1474 347 1536 paucis
384 1475 547 1522 carior
581 1475 707 1523 fides
744 1493 896 1540 quam
933 1477 1149 1540 pecunia
1184 1477 1299 1525 fuit.
1376 1478 1442 1526 In
1480 1479 1727 1527 divisione

172 1574 301 1620 quae
332 1575 450 1622 pars
480 1558 759 1608 Numidiae
784 1560 1163 1609 Mauretaniam
1189 1562 1414 1626 attingit,
1442 1580 1561 1627 agro
1585 1564 1727 1611 viris-

172 1657 269 1703 que
312 1643 616 1706 opulentior,
660 1644 952 1708 [Iugurthae
1000 1645 1253 1708 traditur3
1307 1647 1448 1694 illam
1497 1648 1724 1707 alteram,

172 1725 338 1789 specie
355 1743 508 1790 quam
533 1744 630 1775 usu
654 1729 918 1792 potiorem,
946 1746 1074 1792 quae
1097 1731 1386 1794 portuosior
1410 1736 1461 1779 et
1486 1732 1727 1780 aedificiis

171 1809 332 1873 magis
356 1815 604 1858 exornata
628 1816 752 1871 erat,
780 1812 1046 1860 Adherbal
1069 1814 1306 1877 possedit.

275 1894 464 1943 XVII.
539 1895 644 1944 Res
659 1897 918 1960 postulare
933 1897 1139 1946 videtur
1154 1899 1364 1947 Africae
1381 1900 1536 1947 situm
1552 1901 1726 1964 paucis

172 1996 441 2043 exponere,
469 1985 522 2028 et
554 1997 638 2028 eas
671 1986 862 2044 gentes,
898 1982 1200 2046 quibuscum
1237 1984 1384 2032 nobis
1412 1984 1602 2032 bellum
1637 1995 1727 2032 aut

172 2064 399 2113 amicitia
422 2064 539 2125 fuit,
565 2066 830 2130 attingere.
908 2067 1007 2115 Sed
1033 2084 1161 2132 quae
1185 2068 1296 2116 loca
1320 2073 1372 2116 et
1401 2069 1634 2117 nationes
1663 2070 1726 2117 ob

173 2148 389 2197 calorem
426 2154 519 2197 aut
547 2151 897 2215 asperitatem,
928 2152 1052 2200 item
1090 2152 1390 2200 solitudines
1427 2153 1596 2201 minus
1631 2153 1726 2201 fre-

173 2237 419 2295 quentata
443 2238 578 2294 sunt,
606 2234 669 2283 de
693 2235 773 2283 his
809 2235 947 2284 haud
972 2236 1122 2284 facile
1155 2243 1468 2302 compertum
1493 2253 1726 2285 narrave-

173 2314 300 2375 rim3
338 2321 506 2364 cetera
531 2333 683 2381 quam
702 2319 1021 2382 paucissimis
1047 2320 1318 2368 absolvam.
1396 2320 1462 2367 In
1478 2319 1724 2368 divisione

173 2398 309 2446 orbis
332 2404 498 2449 terrae
522 2402 751 2466 plerique
775 2403 830 2451 in
854 2404 1021 2468 partia
1046 2405 1201 2452 tertia
1225 2403 1459 2452 Africam
1483 2419 1695 2467 posuere
1712 2423 1724 2464 3

172 2482 323 2546 pauci
347 2486 703 2534 tantummodo
728 2487 913 2535 Asiam
939 2494 990 2536 et
1016 2489 1274 2552 Europam
1300 2503 1405 2535 esse
1423 2505 1437 2549 3
1473 2486 1561 2535 sed
1586 2487 1725 2534 Afri-

173 2583 283 2614 cam
313 2567 368 2614 in
401 2567 620 2633 Europa.
697 2570 775 2619 Ea
807 2571 934 2620 fines
963 2572 1118 2620 habet
1154 2573 1217 2619 ab
1251 2570 1511 2619 occidente
1535 2570 1724 2618 fretum

171 2651 514 2717 nostri-maris
538 2658 591 2700 et
622 2656 831 2717 oceani3
868 2657 932 2704 ab
966 2662 1083 2705 ortu
1120 2656 1238 2704 solis
1272 2655 1519 2703 declivem
1554 2655 1725 2703 latitu-

173 2733 359 2795 dinem,
398 2751 548 2799 quem
584 2736 752 2785 locum
797 2738 1173 2787 Catabathmon
1211 2739 1406 2786 incolae
1448 2738 1720 2802 appellant.

173 2817 320 2867 Mare
335 2835 558 2880 saevum,
575 2819 945 2885 importuosum
956 2839 969 2884 3
991 2839 1109 2887 ager
1124 2822 1329 2886 frugum
1346 2821 1544 2882 fertilis,
1562 2822 1723 2870 bonus
