1875 3117
202 137 265 183 58
556 138 938 187 SALLUSTJJ
982 136 1378 187 JUGURTJIA.

201 248 308 306 bus,
352 265 520 295 carum
558 256 917 313 acceptumque
952 250 1277 313 popularibus
1313 249 1446 310 suis3
1496 249 1582 313 qui
1629 249 1719 314 ple

201 348 409 395 rumque
435 349 654 379 seorsum
681 334 744 380 ab
770 350 882 395 rege
920 335 1195 380 exercitum
1234 333 1456 392 ductare,
1483 339 1536 380 et
1558 349 1729 381 omnes

202 431 278 462 res
325 416 530 477 exsequi
579 417 755 462 solitus
804 422 926 474 erat,
965 433 1091 479 quae
1139 416 1426 479 ,Iugurthae
1474 415 1606 464 fesso
1640 422 1731 464 aut

203 499 472 560 majoribus
515 498 755 545 adstricto
797 505 1186 561 superaverant:
1230 517 1293 546 ex
1329 516 1427 562 quo
1456 499 1539 556 jlli
1574 499 1732 562 gloria

202 597 415 644 opesque
453 580 700 628 inventae.
778 582 944 643 Igitur
981 583 1241 645 utriusque
1279 561 1626 629 consilio'dies
1662 582 1732 629 in-

203 660 342 706 sidiis
368 659 639 706 statuitur:
679 666 889 717 caetera,
917 661 992 706 uti
1031 677 1108 707 res
1145 667 1383 723 posceret,
1411 678 1473 708 ex
1510 666 1733 724 tempore

206 742 370 805 parari
389 737 589 804 placuit'.
648 742 906 789 Nabdalsa
922 743 983 789 ad
1005 744 1279 801 exercitum
1301 743 1569 806 profectuS,
1587 760 1733 807 quem

206 826 338 871 iuter
379 824 589 871 hiberna
637 825 979 872 Romanorum
1023 826 1192 888 jussus
1229 825 1460 884 habebat,
1508 841 1571 872 ne
1619 841 1737 888 ager

206 910 381 956 inultis
421 909 648 956 hostibus
687 915 980 955 vastaretur.
1085 907 1138 954 Is
1175 914 1454 970 postquam,
1492 907 1738 970 magnitu-

206 994 322 1041 dine
347 994 584 1041 facinoris
614 993 885 1056 perculsus,
913 992 975 1038 ad
1013 997 1211 1054 tempus
1248 1008 1349 1037 non
1375 991 1530 1050 venit,
1556 995 1738 1037 metus-

207 1094 303 1140 que
330 1095 433 1124 rem
469 1077 788 1139 impediebat,
817 1075 1083 1132 Bomilcar,
1110 1073 1259 1119 simul
1295 1072 1507 1136 cupidus
1540 1072 1741 1135 incepta

209 1161 458 1226 patrandi,
508 1167 560 1207 et
608 1161 784 1206 timore
833 1160 953 1205 socii
1003 1159 1200 1215 anxius,
1240 1173 1301 1204 ne
1353 1157 1534 1203 omisso
1570 1161 1740 1203 vetere

210 1243 415 1291 consilio
441 1259 625 1289 novum
652 1246 928 1305 quaereret,
956 1240 1150 1286 litteras
1175 1238 1238 1285 ad
1264 1255 1377 1285 eum
1404 1254 1492 1301 per
1516 1236 1742 1284 homines

210 1328 379 1375 fideles
403 1326 578 1383 mittit,
616 1326 670 1372 in
707 1325 862 1388 queis,
902 1323 1210 1369 “mollitiem
1248 1321 1620 1384 secordiamque
1643 1318 1742 1365 viri

211 1427 472 1459 accusare:
512 1409 686 1456 testari
707 1408 839 1465 deos,
866 1422 955 1470 per
974 1422 1096 1469 quos
1117 1405 1421 1467 juravisset:
1458 1418 1660 1451 monere
1679 1417 1741 1448 ne

212 1494 432 1558 praemia
458 1493 656 1542 Metelli
683 1493 734 1538 in
760 1497 951 1554 pestem
973 1494 1319 1537 converteret:
1356 1488 1392 1536 J
1398 1487 1643 1550 ugurthae
1663 1502 1744 1533 ex-

213 1579 359 1626 itium
385 1578 556 1625 adesse
574 1595 586 1637 ;
624 1582 844 1623 ceterum
881 1590 1035 1621 suane
1072 1590 1137 1620 an
1174 1571 1371 1619 Metelli
1396 1571 1586 1617 virtute
1622 1569 1747 1633 peri-

214 1668 305 1720 ret,
343 1661 395 1708 id
432 1656 578 1708 modo
615 1659 824 1722 agitari:
880 1655 1088 1720 proinde
1130 1658 1389 1717 reputaret
1430 1669 1544 1700 cum
1580 1651 1747 1700 animo

213 1761 318 1804 suo,
345 1744 568 1808 praemia
594 1760 658 1790 an
685 1741 962 1788 cruciatum
989 1736 1206 1784 mallet.''

319 1825 518 1874 LXXI.
627 1824 725 1872 Sed
773 1840 928 1887 quum
976 1822 1070 1869 hae.
1119 1821 1319 1867 litterae
1376 1818 1574 1877 allatae,
1617 1816 1749 1864 forte

217 1911 477 1958 Nabdalsa
515 1909 736 1957 exercito
774 1923 978 1970 corpore
1015 1905 1178 1952 fessus
1213 1904 1267 1950 in
1292 1903 1421 1950 lecto
1446 1900 1748 1965 quiescebat,

218 1994 305 2041 ubi
331 1992 542 2056 cognitis
569 1990 864 2038 Bomilcaris
889 1988 1054 2035 verbis
1091 1986 1253 2050 primo
1289 2001 1424 2043 cura,
1451 1982 1647 2042 deinde,
1673 1981 1752 2028 uti

218 2093 422 2141 aegrum
447 2075 671 2123 animum
697 2073 837 2132 solet,
860 2088 1063 2119 somnus
1080 2070 1223 2133 cepit.
1300 2068 1429 2115 Erat
1452 2068 1499 2115 ei
1524 2065 1753 2114 Numida

219 2159 440 2224 quidam,
465 2157 779 2220 negotiorum
817 2160 1031 2212 curator,
1057 2153 1187 2199 fidus
1223 2157 1555 2214 acceptusque
1579 2154 1632 2197 et
1655 2165 1754 2196 om-

220 2243 361 2290 nium
387 2240 722 2297 consiliorum,
744 2238 842 2284 nisi
860 2235 1135 2293 novissimi,
1156 2233 1418 2297 particeps.
1497 2231 1599 2289 Qui
1621 2236 1755 2295 post-

221 2342 371 2390 quam
408 2324 588 2371 allatas
621 2322 818 2370 litteras
854 2319 1067 2377 audivit,
1107 2334 1171 2365 ex
1207 2315 1570 2364 consuetudine
1611 2321 1755 2364 ratus

223 2425 374 2472 opera
409 2412 462 2455 et
495 2405 696 2469 ingenio
733 2420 822 2451 suo
859 2419 983 2466 opus
1019 2417 1140 2460 esse,
1175 2401 1230 2448 in
1270 2400 1650 2448 tabernaculum
1685 2400 1757 2447 in-

226 2491 397 2550 troiit3
433 2489 711 2536 dormiente
735 2487 838 2545 illo,
876 2485 1154 2549 epistolam,
1192 2499 1342 2547 super
1377 2488 1530 2547 caput
1563 2483 1620 2530 in
1652 2482 1760 2546 pul-

227 2574 345 2621 vino
368 2578 556 2620 temere
580 2571 811 2634 positam,
833 2568 989 2616 sumit
1011 2584 1068 2614 ac
1097 2567 1341 2630 perlegit3
1377 2565 1497 2614 dein
1530 2580 1756 2629 propere,

229 2655 442 2719 cognitis
488 2653 701 2712 insidiis,
751 2652 815 2700 ad
862 2667 1029 2714 regem
1075 2649 1252 2713 pergit.
1342 2647 1604 2696 Nabdalsa
1648 2652 1763 2710 post

231 2738 401 2803 paullo
437 2741 775 2800 experrectus,
813 2733 902 2780 ubi
935 2748 1098 2795 neque
1134 2731 1397 2794 epistolam
1438 2728 1675 2793 repperit,
1712 2734 1766 2776 et

233 2837 338 2869 rem
382 2836 595 2879 omnem,
635 2818 714 2866 uti
755 2822 869 2865 acta
909 2820 1033 2875 erat,
1073 2814 1322 2879 cognovit,
1355 2813 1518 2878 primo
1547 2810 1764 2859 indicem
