1875 3117
184 102 248 152 78
539 106 926 161 SALLUSTIJ
968 112 1366 165 JUGURTIJA.

183 213 520 277 altitudinem,
552 237 651 284 quo
688 230 870 272 cuncta
890 214 1217 289 'gignentium
1256 238 1440 276 natura
1470 227 1605 291 ἔοι-ις
1637 246 1716 279 cu-

177 296 262 358 jus
295 301 447 347 ramis
480 303 641 362 inodo,
669 307 816 354 inodo
847 301 1188 357 eminentibus
1220 311 1356 358 saxis
1388 311 1529 360 nisus
1559 312 1718 377 Ligus

183 381 375 429 castelli
400 383 661 446 planitiem
689 390 955 450 perscribit
970 408 983 450 ς
1013 392 1146 454 quod
1173 393 1341 440 cuncti
1367 393 1622 444 Numidae
1645 395 1719 444 in-

183 465 313 512 tenti
337 467 701 529 proeliantibus
726 471 948 520 aderant.
1008 474 1299 538 Exploratis
1323 477 1571 537 omnibus,
1590 494 1718 542 quae

184 562 301 593 mox
328 549 439 595 usui
467 549 571 597 fore
597 551 827 612 ducebat,
855 555 1026 602 eadem
1058 557 1353 619 regreditur,
1380 575 1482 606 non
1514 565 1717 619 temere,

185 629 261 675 uti
298 631 602 693 escenderat,
641 635 727 683 sed
766 643 969 685 tentans
1005 641 1174 688 omnia
1208 647 1261 688 et
1296 642 1714 706 circumspiciens.

184 710 365 776 Itaque
397 713 617 764 Marium
645 735 853 782 propere
878 721 1000 780 adit,
1027 729 1141 771 acta
1165 724 1353 784 edocet,
1379 724 1628 786 hortatur,
1654 726 1718 774 ab

183 810 241 841 ea
276 802 434 858 parte,
466 816 566 861 qua
602 801 706 863 ipse
739 804 1044 863 escenderat,
1076 807 1337 855 castellum
1374 813 1543 869 tenet3
1579 808 1720 873 polli-

185 883 326 925 cetur
368 897 472 927 sese
515 882 712 931 itineris
753 887 1061 951 periculique
1103 888 1294 937 ducem.
1370 889 1568 939 Marius
1605 907 1719 939 cum

185 960 385 1024 Ligure,
406 966 649 1027 promissa
674 967 780 1029 ejus
807 970 1078 1031 cognitum,
1100 988 1162 1018 ex
1187 973 1536 1036 praesentibus
1559 973 1699 1022 misit
1706 991 1721 1034 3

184 1061 395 1108 quorum
424 1048 500 1094 uti
526 1050 766 1114 cujusque
793 1052 1048 1115 ingenium
1075 1061 1198 1113 erat,
1225 1055 1298 1102 ita
1330 1072 1433 1103 rem
1467 1055 1719 1105 difficilem

184 1133 274 1174 aut
299 1128 496 1177 facilem
524 1133 838 1181 nunciavere.
911 1136 1143 1184 Consulis
1166 1138 1365 1185 animus
1390 1144 1560 1186 tamen
1583 1138 1721 1203 paul-

184 1211 288 1258 lum
327 1219 562 1279 arrectus.
640 1216 821 1281 Itaque
864 1235 927 1266 ex
965 1220 1108 1283 copia
1150 1221 1432 1269 tubicinum
1471 1228 1524 1270 et
1565 1222 1721 1270 corni·

184 1294 353 1342 einum
390 1313 599 1346 numero
632 1301 852 1364 quinque
885 1319 1035 1365 quam
1069 1303 1406 1353 velocissimos
1437 1304 1639 1369 delegit,
1669 1314 1723 1354 et

185 1395 298 1426 cum
337 1379 430 1439 his,
475 1383 723 1444 praesidio
765 1385 852 1448 qui
895 1385 1077 1445 forent,
1121 1393 1338 1450 quatuor
1385 1389 1719 1447 centuriones,

185 1477 454 1526 omnesque
480 1464 657 1528 Liguri
681 1483 856 1530 parere
876 1468 1037 1531 jubet,
1063 1475 1115 1516 et
1139 1470 1184 1517 ei
1209 1470 1410 1533 negotio
1433 1471 1719 1534 proximum

185 1543 317 1593 diem
345 1543 622 1596 constituit.

288 1630 484 1680 XCIV.
560 1632 658 1681 Sed
693 1635 778 1682 ubi
812 1652 875 1682 ex
907 1642 1174 1700 praecepto
1204 1642 1410 1701 tempus,
1431 1638 1613 1697 visum,
1639 1654 1721 1702 pa·

142 1735 149 1742 ·
186 1715 310 1762 ratis
347 1717 732 1781 compositisque
765 1719 997 1766 omnibus
1033 1719 1097 1767 ad
1133 1720 1297 1767 locum
1329 1721 1508 1784 pergit.
1582 1720 1722 1770 Cete-

186 1814 297 1845 rum
330 1799 420 1858 illi,
448 1800 534 1863 qui
566 1803 822 1849 ascensuri
846 1809 1005 1861 erant,
1032 1803 1289 1866 praedocti
1320 1803 1384 1851 ab
1413 1803 1555 1863 duce,
1581 1820 1723 1852 arma

185 1887 518 1946 ornatumque
550 1890 884 1945 mutaverant,
929 1886 1092 1949 capite
1123 1892 1276 1950 atque
1310 1885 1523 1950 pedibus
1554 1885 1720 1945 nudis,

185 1965 262 2012 uti
293 1972 587 2030 prospectus
619 1968 857 2032 nisusque
888 1985 979 2032 per
1002 1986 1125 2017 saxa
1148 1969 1349 2017 facilius
1372 1968 1506 2017 foret
1521 1987 1534 2030 ς
1570 1985 1722 2033 super

185 2054 327 2113 terga
366 2049 522 2113 gladii
557 2056 609 2098 et
644 2057 801 2110 scuta,
839 2068 1016 2099 verum
1053 2069 1112 2100 ea
1146 2052 1423 2100 Numidica
1456 2068 1519 2100 ex
1556 2052 1720 2112 coriis,

183 2132 420 2196 ponderis
460 2133 624 2196 gratia
665 2134 830 2193 simul,
874 2140 927 2183 et
967 2136 1157 2183 offensa
1196 2152 1296 2200 quo
1335 2135 1498 2183 levius
1538 2141 1725 2199 strepe-

184 2220 312 2264 rent.
371 2215 540 2280 Igitur
562 2217 913 2280 praegrediens
936 2217 1094 2281 Ligus
1117 2235 1241 2266 saxa
1263 2223 1316 2266 et
1339 2219 1382 2266 si
1405 2234 1534 2282 quae
1557 2223 1722 2266 vetus-

188 2303 295 2348 tate
324 2299 517 2348 radices
548 2300 840 2348 eminebant
871 2301 1063 2364 laqueis
1090 2301 1359 2360 vinciebat,
1393 2302 1577 2365 quibus
1607 2301 1724 2350 alle-

188 2383 295 2430 vati
320 2382 520 2431 facilius
544 2383 899 2444 escenderent3
934 2383 1189 2431 interdum
1225 2384 1430 2432 timidos
1453 2384 1724 2433 insolentia

188 2465 386 2513 itineris
427 2465 595 2514 levare
641 2482 811 2525 manu,
850 2466 938 2513 ubi
984 2466 1156 2530 paullo
1202 2467 1426 2530 asperior
1470 2482 1722 2526 ascensus,

188 2547 411 2610 singulos
451 2564 572 2612 prae
613 2565 666 2596 se
700 2548 917 2596 inermes
957 2549 1161 2597 mittere
1176 2566 1190 2610 ;
1238 2549 1420 2598 deinde
1460 2550 1569 2614 ipse
1607 2565 1722 2598 cum

186 2618 389 2678 illorum
414 2632 567 2680 armis
602 2632 759 2696 sequi,
789 2649 917 2696 quae
953 2631 1109 2680 dubia
1141 2633 1259 2680 m'su
1292 2633 1613 2694 videbantur,
1640 2649 1724 2698 po-

187 2713 414 2762 tissimus
446 2720 658 2775 tentare,
694 2731 752 2762 ac
787 2715 987 2779 saepius
1014 2714 1188 2763 eadem
1217 2715 1492 2764 ascendens
1524 2715 1725 2764 daecen-

188 2781 425 2862 densque‚
474 2797 593 2846 dein
646 2798 821 2846 statim
876 2797 1174 2863 digredienS,
1226 2799 1405 2848 ceteris
1461 2797 1722 2848 audaciam
1748 2866 1750 2868 Ι
