1875 3117
225 114 288 162 48
579 116 750 166 SALL
763 116 959 165 USTII
1000 117 1395 166 JUGURTIJA.

223 223 413 284 gotium
439 227 687 289 poscebat,
713 228 742 275 J
755 227 1021 289 ugurtham
1058 229 1403 276 laborantibus
1434 227 1538 276 suis
1560 226 1752 277 auxilio

225 313 509 367 venturum,
544 310 711 373 ibique
747 311 990 373 proelium
1024 311 1142 359 fore.
1218 312 1296 360 At
1327 311 1426 370 ille,
1451 326 1579 375 quae
1612 326 1752 375 parae-

224 392 423 451 bantur,
442 411 471 440 a
495 395 716 457 perfugis
741 395 961 453 edoctus,
982 396 1175 459 magnis
1195 396 1461 443 itineribus
1486 394 1750 444 Metellum

224 475 498 531 antevenit,
532 476 805 537 oppidanos
842 476 1087 535 hortatur,
1101 478 1322 538 ,moenia
1355 475 1647 536 defendant,
1671 475 1753 524 ad·

224 556 344 603 ditis
380 557 569 603 auxilio
595 557 832 619 perfugi&
854 558 987 621 quod
1013 576 1169 621 genus
1194 576 1257 607 ex
1283 560 1438 623 copiis
1463 559 1608 623 regis,
1633 559 1754 623 quia

225 638 396 684 fallere
414 639 666 701 nequibat,
686 640 1023 687 firmissimum
1044 647 1152 688 crat
1170 659 1180 700 ;
1217 649 1474 705 praeterea
1489 641 1755 705 pollicetur

226 722 278 767 in
303 727 525 784 tempore
552 731 709 768 semet
735 740 846 769 euin
868 724 1092 770 exercitu
1119 725 1282 771 affore.
1360 724 1444 771 Ita
1467 723 1754 788 compositis

226 803 374 850 rebus
417 804 468 849 in
507 803 615 851 loca
650 821 798 867 quam
838 806 1054 852 maxime
1088 806 1284 853 occulta
1308 805 1536 865 discedit,
1561 822 1619 853 ac
1641 812 1755 869 post

226 887 393 949 paullo
419 889 672 946 cognoscit
698 889 918 936 Marium
945 907 1007 936 ex
1035 890 1213 937 itinere
1239 890 1605 937 frumentatum
1641 905 1753 937 cum

226 970 397 1034 paucis
422 971 709 1019 cohortibus
744 973 934 1020 Siccam
972 974 1202 1034 missu1n3
1240 973 1371 1037 quod
1397 973 1636 1037 oppidum
1660 971 1757 1036 pri-

226 1073 362 1103 mum
388 1056 609 1103 omnium
637 1063 750 1120 post
775 1058 955 1104 malam
981 1075 1201 1121 pugnam
1238 1058 1302 1104 ab
1338 1073 1451 1120 rege
1487 1056 1751 1104 defecerat.

227 1139 302 1188 Eo
326 1155 438 1186 curn
465 1139 671 1187 delectis
698 1141 952 1203 equitibus
976 1147 1129 1188 noctu
1154 1142 1333 1205 pergit,
1361 1147 1412 1188 et
1441 1141 1546 1203 jam
1571 1138 1758 1204 egredi·

226 1222 427 1269 entibus
454 1222 697 1269 Romanis
722 1223 774 1270 in
799 1230 944 1286 porta
968 1240 1186 1287 pugnam
1214 1223 1366 1282 facitg
1403 1222 1553 1270 simul
1577 1238 1759 1286 magna
1786 1240 1788 1242 ·

227 1319 346 1350 voce
366 1303 619 1350 Siccenses
638 1303 884 1361 hortatur,
914 1304 1030 1350 “uti
1055 1303 1282 1351 cohortes
1301 1303 1364 1350 ab
1390 1309 1528 1365 tergo
1552 1302 1758 1349 circum·

227 1386 457 1445 veniant,
483 1385 737 1432 fortunam
756 1386 998 1449 praeclari
1014 1386 1251 1434 facinoris
1271 1403 1438 1434 casum
1459 1386 1577 1434 dare
1593 1404 1608 1448 5
1644 1386 1687 1434 si
1705 1386 1757 1434 id

227 1470 453 1527 fecerint,
494 1476 666 1532 postea
705 1487 809 1517 sese
846 1470 899 1516 in
936 1486 1103 1533 regno,
1143 1470 1255 1517 illos
1291 1469 1345 1516 in
1381 1469 1614 1517 libertate
1650 1469 1758 1517 sine

227 1557 365 1600 metu
390 1558 605 1598 aetatem
633 1553 876 1600 acturos.’'
947 1553 1028 1600 Ac
1070 1553 1124 1600 ni
1162 1553 1360 1601 Marius
1395 1553 1538 1616 signa
1572 1553 1758 1602 inferre

226 1642 376 1700 atque
419 1635 630 1683 evadere
669 1636 852 1699 oppido
891 1637 1275 1701 properavisset,
1320 1635 1547 1700 profecto
1588 1637 1760 1686 cuncti

227 1725 317 1766 aut
340 1736 520 1782 magna
545 1737 660 1782 pars
686 1720 991 1768 Siccensium
1029 1721 1177 1768 fidem
1213 1721 1577 1769 mutavissent:
1614 1726 1760 1769 tanta

227 1802 506 1849 mobilitate
543 1819 647 1849 sese
681 1802 934 1850 Numidae
964 1808 1132 1866 agunt
1221 1801 1319 1850 Sed
1357 1803 1544 1850 milites
1573 1800 1759 1865 Jugur·

229 1883 375 1943 thim',
401 1885 675 1947 paullisper
699 1885 762 1931 ab
786 1901 900 1947 rege
937 1884 1224 1943 sustentati,
1264 1889 1528 1948 postquam
1570 1884 1758 1947 majore

229 1967 281 2014 vi
304 1966 471 2014 hostes
497 1972 692 2029 urgent,
719 1967 892 2030 paucis
917 1967 1112 2014 amissis
1136 1966 1337 2030 profugi
1361 1965 1638 2014 discedunt.

330 2049 502 2098 LVII.
580 2049 775 2096 Marius
800 2049 863 2096 ad
891 2049 1096 2096 Zamam
1120 2048 1380 2112 pervenit:
1418 2047 1470 2095 id
1500 2047 1756 2112 oppidum,

229 2133 282 2180 in
318 2148 492 2195 campo
528 2132 696 2189 situm,
723 2131 881 2194 magis
917 2147 1064 2194 opere
1100 2147 1250 2194 quam
1286 2135 1470 2177 natura
1505 2129 1757 2180 munitum

229 2222 338 2264 erat
352 2235 366 2278 ,²
403 2217 592 2264 nullius
617 2215 824 2281 idoneae
848 2215 921 2263 rei
945 2231 1109 2278 egens,
1135 2215 1288 2262 armis
1313 2214 1533 2278 virisque
1556 2215 1759 2280 opulen-

229 2305 350 2346 tum.
426 2297 593 2361 Igitur
617 2283 857 2345 Metellus
880 2314 971 2360 pro
995 2303 1218 2360 tempore
1243 2302 1394 2360 atque
1425 2296 1533 2345 loco
1568 2299 1759 2360 paratis

229 2383 378 2430 rebus
423 2387 605 2430 cuncta
651 2381 849 2429 moenia
885 2381 1113 2428 exercitu
1161 2380 1493 2427 circumvenit
1507 2397 1521 2441 ς
1578 2380 1758 2445 legatis

229 2468 458 2530 imperat,
486 2466 573 2513 ubi
599 2466 809 2529 quisque
835 2470 1064 2525 curaret5
1100 2463 1282 2512 deinde
1306 2464 1448 2527 signo
1471 2464 1591 2512 dato
1614 2464 1758 2513 undi-

229 2566 325 2614 que
350 2550 499 2597 simul
525 2550 711 2597 clamor
735 2549 912 2612 ingens
930 2548 1114 2596 oritur:
1140 2564 1302 2611 neque
1320 2563 1380 2595 ea
1403 2564 1482 2596 res
1506 2547 1757 2596 Numidas

227 2637 414 2692 terret3
450 2631 637 2679 infensi
661 2631 946 2694 intentique
971 2630 1079 2678 sine
1103 2629 1331 2677 tumultu
1353 2635 1583 2678 manent:
1618 2646 1757 2694 proe-

229 2715 353 2763 lium
393 2714 646 2777 incipitur.
723 2713 958 2772 Romani,
1001 2729 1092 2777 pro
1133 2712 1335 2776 ingenio
1372 2713 1599 2777 quisque,
1638 2728 1755 2776 pars

228 2797 424 2846 eminus
463 2797 643 2862 glande
685 2802 776 2846 aut
810 2797 1062 2862 lapidibus
1097 2813 1337 2861 pugnare,
1362 2796 1452 2845 alii
1473 2795 1752 2861 succedere,
