1875 3117
242 88 305 136 90
594 88 767 137 SALL
781 88 975 138 USTII
1020 86 1420 136 JUGURTJIA.

241 197 501 256 Volucem,
529 199 762 261 quoniam
796 198 998 245 hostilia
1029 197 1232 256 faceret,
1266 197 1302 245 J
1305 213 1447 244 ovem
1481 195 1764 244 Maximum

239 280 535 338 obtestatus,
576 286 635 326 ut
681 280 878 327 sceleris
920 285 1070 344 atque
1116 279 1353 342 perfidiae
1396 277 1583 326 Bocchi
1622 276 1766 325 testis

241 362 450 421 adesset,
477 379 541 409 ex
574 363 750 409 castris
783 363 919 409 abire
946 362 1103 423 jubet.
1181 361 1275 408 Ille
1309 361 1574 408 lacrimans
1608 375 1764 418 orare,

243 451 350 493 “ne
384 462 442 492 ea
475 445 728 492 crederet:
766 446 894 492 nihil
926 444 1039 491 dolo
1071 445 1278 503 factum,
1304 461 1361 491 ac
1393 443 1552 507 magis
1583 443 1769 490 callidi-

242 534 347 574 tate
394 527 429 575 J
435 527 694 590 ugurthae,
737 528 832 586 cui,
873 527 1109 574 videlicet
1150 527 1444 590 speculanti,
1484 526 1583 573 iter
1622 541 1765 572 suum

243 611 496 673 cognitum
538 617 678 657 esset.
756 611 1006 669 Ceterum,
1045 611 1280 673 quoniam
1317 625 1479 672 neque
1514 608 1767 671 ingentem

243 693 620 741 multitudinem
655 693 875 752 haberet,
908 699 960 740 ct
993 709 1103 756 spes
1136 708 1351 756 opesque
1387 692 1494 754 ejus
1529 707 1594 738 ex
1628 695 1770 754 patre

244 794 334 824 suo
375 777 666 840 penderent,
708 778 921 836 credere,
966 777 1107 824 illum
1151 776 1278 823 nihil
1313 776 1477 839 palam
1514 790 1770 831 ausurum,

245 876 397 922 quum
425 860 529 923 ipse
555 860 688 907 filius
713 861 857 907 testis
882 860 1098 907 adesset:
1134 874 1286 922 quare
1312 858 1557 921 optimum
1582 855 1772 903 factum

246 942 420 1001 videri,
447 959 536 1006 per
559 943 723 990 media
748 944 854 1004 ejus
880 950 1043 989 castra
1067 942 1232 1006 palam
1267 940 1510 988 transire:
1539 926 1669 997 sese,
1694 938 1775 984 vel

246 1027 530 1089 praemissis
577 1027 653 1073 ve]
706 1027 890 1074 ibidem
939 1026 1127 1073 relictis
1186 1024 1398 1082 Mauris,
1447 1023 1607 1070 solum
1663 1037 1776 1069 cum

247 1110 389 1157 Sulla
413 1109 647 1156 iturum.”
720 1110 795 1156 Ea
820 1126 912 1167 res,
940 1115 998 1155 ut
1023 1110 1076 1155 in
1100 1108 1191 1155 tali
1216 1107 1432 1170 negotio,
1458 1106 1670 1169 probata
1679 1121 1692 1164 3
1721 1119 1778 1150 ac

248 1190 420 1237 statim
445 1190 673 1253 profecti,
693 1191 809 1253 quia
834 1190 894 1236 de
920 1190 1190 1253 improviso
1214 1188 1514 1246 acciderant,
1532 1186 1685 1234 dubio
1709 1191 1780 1232 at-

249 1290 345 1336 que
364 1273 644 1320 haesitante
665 1273 698 1321 J
704 1273 936 1336 ugurtha,
955 1273 1228 1319 incolumes
1252 1275 1529 1318 transeunt.
1583 1268 1780 1316 Deinde

250 1359 422 1421 paucis
446 1357 636 1416 diebus,
664 1374 762 1420 quo
786 1358 858 1404 ire
883 1357 1221 1415 intenderant,
1247 1360 1558 1419 perventum.

354 1439 557 1487 CVIII.
633 1439 715 1486 Ibi
740 1456 851 1486 cum
880 1439 1077 1486 Boccho
1110 1436 1337 1485 Numida
1367 1435 1587 1499 quidam,
1613 1434 1783 1497 Aspar

252 1523 468 1581 nomine,
494 1523 712 1569 multum
746 1528 798 1569 et
822 1522 1141 1569 familiariter
1173 1520 1368 1583 agebat,
1395 1517 1696 1582 praemissus
1720 1516 1783 1563 ab

253 1606 288 1654 J
294 1606 525 1670 ugurtha,
551 1589 815 1669 postquam
851 1605 1041 1652 Sullam
1075 1605 1290 1651 accitum
1323 1602 1569 1660 audierat,
1600 1605 1782 1658 orator=

254 1696 307 1736 et
361 1688 567 1736 subdole
624 1688 936 1752 speculatum
992 1687 1178 1734 Bocchi
1233 1685 1441 1733 consilia
1456 1701 1469 1744 3
1528 1687 1788 1747 praeterea

257 1773 443 1831 Dabar,
482 1771 841 1835 Massugradae
878 1772 1027 1830 fflius,
1066 1787 1130 1818 ex
1171 1775 1320 1833 gente
1363 1768 1677 1825 Masinissae,
1715 1782 1788 1813 ce-

257 1862 421 1902 terum
454 1861 681 1902 materno
714 1872 893 1918 genere
926 1856 1089 1918 impar
1115 1854 1252 1919 (nam
1285 1859 1430 1917 pater
1458 1852 1566 1915 ejus
1590 1867 1655 1898 ex
1678 1865 1789 1897 con-

259 1938 442 1985 cubina
489 1943 629 1985 ortus
677 1937 822 2002 erat),
873 1937 1056 1984 Mauro
1104 1938 1167 1984 ob
1213 1935 1404 1999 ingenii
1449 1933 1613 1981 multa
1657 1932 1790 1979 bona

259 2038 404 2069 carus
423 2027 754 2084 acceptusque
765 2039 778 2082 3
804 2038 950 2084 quem
971 2021 1214 2079 Bocchus,
1233 2020 1390 2067 fidum
1415 2035 1520 2067 esse
1546 2016 1790 2065 Romanis

261 2103 434 2151 multis
466 2109 615 2150 antea
647 2104 1032 2166 tempestatibus
1064 2108 1317 2166 expertus,
1342 2102 1478 2148 illico
1502 2099 1566 2147 ad
1599 2098 1790 2147 Sullam

261 2185 557 2233 nunciatum
581 2185 757 2244 mittit,
786 2189 1063 2248 “paratum
1089 2201 1193 2232 sese
1217 2184 1396 2242 facere,
1422 2198 1549 2245 quae
1576 2179 1793 2244 populus

265 2269 524 2316 Romanus
556 2269 737 2316 vellet:
776 2269 1021 2331 colloquio
1054 2268 1201 2327 diem,
1236 2267 1416 2325 locum,
1442 2271 1656 2329 tempus,
1686 2264 1793 2328 ipse

264 2353 525 2416 deligeret:
553 2353 780 2400 consulta
805 2369 909 2400 sese
933 2353 1101 2402 omnia
1119 2369 1232 2398 cum
1257 2351 1344 2398 illo
1368 2351 1565 2413 integra
1587 2348 1792 2396 habere:

265 2452 364 2483 neu
404 2436 441 2484 J
444 2435 690 2499 ugurthae
731 2435 952 2499 legatum
997 2435 1372 2498 pertimesceret
1411 2449 1510 2496 quo
1549 2447 1629 2479 res
1669 2447 1796 2478 com-

266 2519 433 2566 munis
456 2519 691 2566 licentius
714 2523 1000 2582 gereretur;
1036 2534 1153 2564 nam
1183 2517 1246 2564 ab
1279 2515 1476 2563 insidiis
1508 2515 1617 2578 ejus
1648 2514 1797 2562 aliter

268 2602 434 2649 caveri
457 2603 752 2666 nequivisse.
761 2602 784 2622 ''
834 2601 932 2649 Sed
956 2617 1046 2664 ego
1065 2601 1341 2664 comperior
1360 2598 1615 2647 Bocchum
1637 2596 1797 2660 magis

184 2684 463 2752 Punica
486 2684 599 2743 fide,
626 2701 775 2748 quam
809 2685 872 2732 ob
904 2701 963 2732 ea
995 2699 1121 2747 quae
1153 2683 1491 2746 praedicabat,
1516 2679 1667 2728 simul
1698 2677 1798 2726 Ro-

262 2783 443 2815 manos
479 2772 531 2815 et
565 2767 842 2815 Numidam
880 2784 966 2831 spe
998 2767 1134 2830 pacis
1167 2766 1449 2815 attinuisse
1481 2763 1798 2825 multumque
