1875 3133
482 124 657 175 SALL
672 124 871 174 USTII
915 124 1057 174 JUG
1071 125 1321 174 URTHA.
1639 127 1667 173 3

140 237 315 302 Atque
350 253 440 301 ego
476 236 622 284 credo
658 236 765 284 fore
801 237 903 300 qui,
937 237 1055 300 quia
1090 237 1289 285 decrevi
1323 237 1496 301 procul
1533 253 1562 284 a
1599 253 1650 283 re

138 321 341 384 publica
370 325 588 368 aetatem
620 336 781 384 agere,
807 325 951 367 tanto
983 326 1187 384 tamque
1219 321 1336 368 utili
1368 321 1526 368 labori
1558 337 1668 367 meo

138 420 321 452 nomen
355 403 567 451 inertiae
602 403 865 467 imponant
882 421 895 464 3
938 408 1086 463 certe,
1124 404 1306 467 quibus
1341 403 1562 450 maxima
1597 402 1667 449 in-

137 486 333 534 dustria
366 485 569 533 videtur
603 486 822 533 salutare
857 486 1052 549 plebem
1086 491 1137 533 et
1172 485 1417 532 conviviis
1452 485 1664 548 gratiam

136 584 386 633 quaerere.
460 567 560 625 Qui
592 568 635 615 si
666 569 1027 631 reputaverint,
1062 573 1113 616 et
1145 568 1327 631 quibus
1358 583 1448 631 ego
1480 572 1666 630 tempo-

135 653 276 700 ribus
321 652 646 715 magistratus
684 651 897 714 adeptus
938 652 1046 710 sim,
1086 657 1137 698 et
1178 651 1350 714 quales
1390 650 1488 697 viri
1533 650 1663 711 idem

135 733 344 798 adsequi
374 733 710 797 nequiverint,
742 739 794 780 et-
825 739 998 796 postea
1030 750 1156 797 quae
1189 750 1371 796 genera
1406 733 1663 780 hominum

134 816 190 863 in
236 820 467 864 senatum
514 816 852 878 pervenerint,
900 815 1124 879 profecto
1171 817 1535 863 existimabunt
1586 833 1665 863 me

135 899 294 962 magis
325 899 506 946 merito
538 916 689 963 quam
725 899 927 962 ignavia
952 899 1199 961 judicium
1236 900 1392 946 animi
1429 900 1527 946 mei
1563 916 1665 945 mu-

135 982 336 1042 tavisse,
373 967 635 1045 majusque
671 981 985 1029 commodum
1021 997 1084 1028 ex
1126 981 1228 1028 otio
1264 997 1373 1028 meo
1410 997 1559 1044 quam
1603 998 1665 1028 ex

134 1062 347 1110 aliorum
389 1063 603 1125 negotiis
643 1062 946 1125 reipublicae
983 1067 1267 1109 venturum.
1343 1061 1477 1109 Nam
1520 1078 1665 1126 saepe

134 1144 308 1192 audivi
334 1144 392 1202 Q.
421 1143 723 1202 Maximum,
750 1143 804 1191 P.
835 1142 1132 1207 Scipionem,
1158 1150 1417 1208 praeterea
1445 1144 1666 1192 civitatis

133 1231 334 1274 nostrae
358 1225 640 1289 praeclaros
668 1225 803 1272 viros
827 1225 1000 1272 solitos
1032 1226 1105 1272 ita
1130 1226 1308 1285 dicere,
1342 1232 1541 1289 “quum
1567 1243 1664 1274 ma-

126 1310 296 1373 jorum
332 1309 575 1372 imagines
608 1310 942 1369 intuerentur,
969 1310 1403 1357 vehementissime
1435 1310 1531 1357 sibi
1563 1311 1664 1356 ani-

132 1410 271 1441 mum
303 1393 368 1441 ad
400 1394 642 1441 virtutem
667 1393 871 1441 accendi
887 1411 901 1454 3
919 1393 942 1414 ’'
976 1394 1165 1441 seilicet
1195 1409 1296 1441 non
1321 1410 1481 1441 ceram
1509 1393 1661 1451 illam,

132 1491 294 1539 neque
328 1476 555 1539 figuram,
593 1480 788 1522 tantam
826 1475 928 1522 vim
965 1475 1019 1522 in
1055 1491 1159 1522 sese
1196 1475 1378 1522 habere
1395 1492 1407 1534 5
1445 1475 1530 1522 sed
1567 1492 1661 1522 me-

132 1561 292 1609 moria
322 1576 488 1608 rerum
521 1565 772 1624 gestarum
807 1576 914 1607 eam
939 1559 1189 1606 flammam
1222 1559 1431 1622 egregiis
1455 1559 1576 1606 viris
1610 1559 1662 1605 in

132 1649 332 1708 pectore
379 1659 611 1701 crescere,
660 1659 821 1706 neque
873 1643 1012 1706 prius
1067 1643 1243 1701 sedari,
1293 1660 1442 1706 quam
1499 1643 1661 1690 virtus

132 1742 303 1775 eorum
328 1725 514 1773 famam
539 1732 691 1789 atque
716 1725 923 1788 gloriam
949 1724 1317 1788 adaequaverit.
1392 1726 1469 1773 At
1489 1731 1663 1773 contra

131 1809 245 1874 quis
279 1815 357 1857 est
391 1810 614 1857 omnium
650 1809 729 1857 his
765 1809 1001 1868 moribus,
1027 1810 1150 1872 quin
1184 1809 1377 1857 divitiis
1413 1815 1464 1857 et
1497 1826 1659 1873 sump-

130 1894 284 1954 tibus,
320 1909 421 1941 non
459 1881 710 1957 probitate
751 1909 912 1956 neque
948 1892 1198 1939 industria
1234 1909 1346 1940 cum
1387 1893 1658 1955 majoribus

131 1976 237 2024 suis
278 1975 581 2024 contendat?
622 1976 774 2023 etiam
813 1975 1039 2022 homines
1079 1975 1212 2034 novi,
1256 1976 1343 2038 qui
1384 1981 1533 2022 antea
1573 1992 1661 2039 per

131 2058 374 2107 virtutem
399 2059 536 2106 soliti
560 2064 704 2107 erant
733 2059 1049 2106 nobilitatem
1075 2059 1381 2117 antevenire,
1407 2059 1584 2106 furtim
1611 2066 1661 2106 et

131 2156 221 2203 per
241 2140 507 2188 latrocinia
530 2141 697 2204 potius
722 2157 871 2204 quam
897 2141 1040 2188 bonis
1065 2142 1259 2188 artibus
1284 2141 1347 2189 ad
1377 2142 1586 2205 imperia
1610 2150 1658 2189 et

131 2224 343 2274 honores
383 2225 650 2285 nituntur3
692 2224 900 2290 proinde
941 2225 1084 2287 quasi
1125 2230 1361 2288 praetura
1396 2231 1447 2272 et
1489 2241 1658 2274 consu-

132 2307 266 2356 latus
296 2313 448 2373 atque
479 2308 579 2356 alia
610 2308 778 2356 omnia
809 2307 1154 2370 hujuscemodi
1186 2324 1274 2370 per
1306 2324 1357 2355 se
1390 2308 1498 2370 ipsa
1526 2308 1659 2355 clara

131 2396 183 2438 et
206 2391 469 2454 magnifica
491 2392 609 2450 sint,
629 2408 686 2438 ac
711 2407 812 2438 non
836 2390 1042 2454 perinde
1066 2390 1361 2446 habeantur,
1389 2394 1447 2435 ut
1471 2405 1656 2446 eorum,

130 2472 219 2536 qui
242 2488 301 2520 ea
324 2473 591 2533 sustinent,
617 2474 780 2520 virtus
804 2478 893 2520 est.
968 2472 1161 2519 Verum
1192 2488 1281 2534 ego
1314 2471 1520 2519 liberius
1551 2472 1658 2519 alti-

131 2570 288 2619 usque
319 2555 550 2618 processi,
575 2554 695 2602 dum
728 2570 808 2602 me
841 2553 1063 2601 civitatis
1087 2569 1279 2600 morum
1312 2552 1450 2615 piget
1473 2552 1656 2602 taedet·

129 2651 256 2700 que:
291 2652 426 2684 nune
450 2635 515 2684 ad
538 2637 793 2701 inceptum
818 2635 978 2684 redeo.

233 2719 300 2770 V.
374 2720 573 2769 Bellum
622 2721 900 2785 scripturus
947 2737 1074 2778 sum,
1117 2720 1251 2783 quod
1297 2721 1512 2785 populus
1562 2721 1656 2768 Ro-

129 2821 308 2854 manus
343 2820 455 2852 cum
492 2803 527 2852 J
533 2803 765 2868 ugurtha,
802 2819 916 2866 rege
952 2802 1306 2862 Numidarum,
1343 2803 1526 2866 gcssit3
1562 2805 1651 2866 pri-

1389 2898 1517 2945 1-2
