1875 3133
449 101 835 151 SALLUSTII
878 100 1016 149 JUG
1030 99 1289 148 URTHA.
1582 102 1643 150 17

104 215 268 278 longa,
293 213 521 261 incurvis
555 212 800 259 lateribus
836 216 986 271 tecta,
1022 210 1167 275 quasi
1202 210 1410 257 navium
1448 211 1647 259 carinae

104 303 237 346 sunt.
299 296 458 345 'Medi
483 301 654 343 autem
681 300 732 343 et
756 295 994 342 Armenii
1019 310 1269 342 accessere
1294 293 1481 357 Libyes
1509 293 1646 360 (nam

103 383 157 430 hi
185 382 394 447 propius
425 397 564 428 mare
593 380 832 427 Africum
870 380 1147 442 agitabant,
1184 377 1390 426 Gaetuli
1423 379 1516 425 sub
1546 379 1648 425 sole

102 466 277 530 magis,
303 464 440 512 haud
465 463 641 528 procul
665 464 728 510 ab
754 461 1038 527 ardoribus)
1065 462 1217 525 hique
1241 466 1439 508 mature
1465 461 1649 525 oppida

103 550 353 598 habuere:
401 565 520 595 nam
556 546 688 595 freto
737 545 888 593 divisi
924 546 987 592 ab
1028 544 1282 608 Hispania
1329 550 1527 590 mutare
1569 561 1648 592 res

102 631 238 679 inter
262 647 313 678 se
338 630 680 677 instituerant.
758 627 960 674 Nomen
979 643 1151 674 eorum
1171 625 1439 689 paullatim
1459 624 1647 688 Libyes

106 730 387 778 corrupere,
424 714 640 760 barbara
675 712 850 775 lingua
886 711 1097 758 Mauros
1132 726 1223 774 pro
1273 709 1442 757 Medis
1479 710 1647 773 appel-

104 800 280 847 lantes.
360 798 459 846 Sed
498 815 577 845 res
603 797 874 844 Persarum
910 796 1054 843 brevi
1090 795 1312 842 adolevit
1329 813 1342 856 3
1380 811 1437 842 ac
1474 800 1648 858 postea

103 884 307 932 nomine
331 883 603 942 Numidae,
630 887 836 946 propter
867 880 1250 927 multitudinem
1287 896 1317 926 a
1352 879 1648 943 parentibus

105 966 331 1030 digressi,
358 964 622 1029 possedere
648 980 706 1011 ea
730 964 854 1022 loca,
882 979 1009 1026 quae
1034 962 1262 1025 proxime
1290 961 1647 1024 Carthaginem

106 1049 354 1097 Numidia
390 1049 685 1113 appellatur.
763 1047 900 1094 Dein
936 1047 1154 1109 utrique,
1182 1046 1354 1093 alteris
1379 1045 1514 1105 freti,
1542 1046 1650 1092 fini-

105 1135 257 1182 timos
293 1134 446 1182 armis
482 1138 573 1180 aut
607 1137 749 1179 metu
786 1132 879 1178 sub
915 1131 1183 1194 imperium
1222 1147 1439 1194 coegere,
1466 1147 1650 1178 nomen

104 1219 415 1283 gloriamque
455 1218 552 1265 sibi
587 1217 826 1265 addidere
843 1234 856 1277 3
893 1216 1053 1279 magis
1091 1216 1146 1263 hi
1187 1216 1275 1279 qui
1313 1216 1377 1263 ad
1418 1221 1648 1263 nostrum

105 1317 243 1349 mare
266 1306 643 1365 processerant:
683 1300 802 1364 quia
827 1284 1028 1364 Libyes,
1056 1316 1207 1363 quam
1233 1299 1453 1359 Gaetuli,
1481 1300 1649 1347 minus

105 1386 342 1434 bellicosi.
419 1386 654 1450 Denique
679 1385 888 1433 Africae
925 1402 1041 1449 pars
1077 1385 1288 1432 inferior
1322 1385 1561 1448 pleraque
1587 1385 1649 1431 ab

105 1468 346 1516 Numidis
370 1485 597 1532 possessa
622 1473 698 1515 est
714 1485 728 1529 3
765 1468 890 1514 victi
915 1484 1086 1515 omnes
1121 1467 1176 1514 in
1211 1473 1412 1531 gentem
1449 1484 1651 1515 nomen-

105 1569 202 1617 que
226 1553 586 1616 imperantium
612 1569 908 1600 concessere.

209 1634 364 1682 XIX.
419 1634 604 1682 Postea
624 1634 915 1694 Phoenices,
937 1634 1025 1681 alii
1044 1633 1390 1681 multitudinis
1407 1633 1542 1681 domi
1562 1634 1650 1680 mi-

105 1716 338 1765 nuendae
361 1717 540 1780 gratia,
567 1733 684 1780 pars
709 1717 910 1780 imperii
947 1716 1182 1780 cupidine
1208 1717 1479 1763 sollicitata
1504 1717 1648 1780 plebe

106 1807 158 1849 et
182 1800 296 1848 aliis
331 1816 578 1847 novarum
615 1816 784 1847 rerum
822 1798 1000 1858 avidis,
1028 1798 1337 1862 Hipponem,
1364 1798 1645 1846 Hadrume·

105 1893 232 1946 tum,
270 1885 490 1949 Leptim,
529 1884 753 1947 aliasque
790 1884 939 1930 urbes
976 1883 1031 1929 in
1067 1899 1154 1930 ora
1190 1883 1447 1930 maritima
1484 1881 1650 1930 condi-

105 1969 223 2017 dere
238 1986 252 2029 3
289 1967 483 2031 haeque
498 1967 642 2014 brevi
665 1967 884 2013 multum
904 1972 1096 2025 auctae,
1113 1982 1230 2029 pars
1250 1965 1527 2028 originibus
1546 1964 1650 2012 suis

105 2053 370 2118 praesidio,
387 2053 515 2101 aliae
534 2052 703 2100 decori
721 2052 874 2100 fuere.
940 2051 993 2099 N
996 2068 1077 2098 am
1097 2051 1158 2098 de
1176 2051 1482 2114 Carthagine
1502 2050 1648 2098 silere

106 2139 285 2187 melius
319 2144 460 2203 puto,
488 2155 639 2202 quam
675 2154 855 2202 parum
895 2136 1059 2184 dicere
1076 2154 1089 2197 3
1128 2136 1366 2200 quoniam
1405 2135 1503 2183 alio
1540 2150 1650 2198 pro-

106 2239 281 2286 perare
322 2212 523 2287 tempus
563 2228 747 2270 monet.
825 2222 993 2285 Igitur
1034 2221 1098 2268 ad
1137 2220 1522 2279 Catabathmon,
1562 2220 1650 2283 qui

106 2306 244 2353 locus
262 2305 558 2370 Aegyptum
583 2306 647 2353 ab
666 2305 848 2353 Africa
872 2304 1072 2364 dividit,
1091 2303 1309 2352 secundo
1334 2303 1462 2350 mari
1485 2302 1649 2366 prima

107 2389 302 2453 Cyrene
327 2396 419 2449 est,
446 2391 642 2438 colonia
665 2390 908 2449 Thereon,
935 2406 993 2437 ac
1018 2389 1253 2453 deinceps
1290 2389 1418 2436 duae
1457 2389 1646 2452 Syrtes,

104 2474 337 2538 interque
362 2491 446 2522 eas
465 2475 640 2539 Leptis
657 2493 671 2537 3
708 2475 827 2523 dein
846 2475 1125 2522 Philaenon
1145 2491 1275 2534 arae,
1297 2491 1444 2538 quem
1465 2475 1644 2533 locum,

105 2559 401 2623 Aegyptum
448 2576 639 2620 versus,
676 2560 826 2608 finem
876 2561 1076 2624 imperii
1122 2560 1342 2607 habuere
1391 2559 1647 2622 Carthagi-

105 2643 304 2692 nienses
322 2661 335 2705 3
370 2648 485 2707 post
509 2643 637 2691 aliae
661 2643 884 2692 Punicae
909 2645 1069 2691 urbes.
1148 2643 1327 2690 Cetera
1351 2643 1460 2690 loca
1489 2658 1646 2706 usque

105 2725 170 2774 ad
194 2726 571 2774 Mauretaniam
591 2726 847 2774 Numidae
867 2733 1044 2774 tenent
1055 2745 1067 2787 3
1093 2727 1322 2790 proxime
1339 2727 1642 2791 Hispaniam

107 2810 279 2859 Mauri
302 2817 423 2859 sunt
431 2829 446 2873 3
483 2827 634 2875 super
652 2811 950 2859 Numidiam
972 2811 1214 2860 Gaetulos
1239 2811 1522 2876 accepimus
1537 2826 1646 2874 par·

242 2909 354 2942 aco.
1476 2894 1504 2940 2
