1875 3133
507 158 911 210 *SALLUSTII
953 158 1358 208 JUGURTHA.
1642 157 1706 207 75

160 290 310 323 carne
334 265 684 332 vescebantur,
710 288 882 335 neque„
899 271 1052 335 salem
1077 287 1241 334 neque
1266 270 1366 334 alia
1389 269 1710 317 irritamenta

161 358 308 422 gulae
344 357 657 421 quaerebant
672 374 686 418 3
724 355 866 402 cibus
899 354 1000 402 illis
1034 354 1304 402 adversum
1336 353 1523 400 famem
1557 357 1709 417 atque

162 441 316 500 sitim,
343 456 447 487 non
470 438 691 486 lubidini
707 454 878 501 neque
904 437 1136 485 luxuriae
1162 420 1283 484 erat.

266 523 376 572 XO.
454 521 625 586 Igitur
657 521 847 581 consul,
875 521 1108 569 omnibus
1142 519 1432 584 exploratiS‚
1461 518 1630 581 credo
1634 518 1711 579 dis

162 608 327 656 fretus
366 612 505 672 (nam
549 610 726 653 contra
767 609 939 651 tantas
982 603 1306 651 difficultates
1344 603 1552 650 consilio
1589 603 1712 676 satis

126 689 132 692 ’
163 691 430 758 providere
462 707 566 738 non
597 694 828 754 poterat,
867 688 1052 752 quippe
1083 688 1236 735 etiam
1266 686 1514 734 frumenti
1542 674 1714 749 inopia

165 776 476 835 tentabatur,
504 774 638 839 quod
668 773 925 822 Numidae
949 772 1136 836 pabulo
1160 771 1353 835 pecoris
1378 770 1537 834 magis
1563 786 1712 834 quam

166 875 288 906 arvo
336 857 559 917 student,
610 862 676 917 et,
727 856 1078 920 quodcumque
1125 859 1305 932 113111111
1354 853 1524 900 fuerat
1567 853 1714 916 jussu

121 918 298 1005 ‘seis
332 941 388 988 in
424 941 533 989 loca
568 940 769 987 munita
806 938 1143 997 contulerant,
1176 926 1297 1000 ager
1334 942 1505 984 autem
1543 935 1716 983 aridus

167 1030 221 1072 et
251 1023 457 1088 frugum
489 1040 681 1070 vacuus
718 1039 778 1070 ea
812 1026 1131 1085 tempestate,
1158 1037 1277 1067 nam
1315 1020 1522 1067 aestatis
1556 1023 1717 1066 extre-

166 1126 307 1156 mum
333 1108 487 1174 erat);
525 1113 698 1154 tamen
721 1123 813 1170 pro
838 1106 912 1153 rei
945 1105 1088 1168 copia
1121 1104 1244 1151 satis
1277 1103 1605 1167 providenter
1637 1119 1717 1149 ex-

168 1197 318 1240 ornat
332 1209 346 1252 3
382 1207 536 1256 pecus
569 1206 732 1249 omne,
759 1188 893 1253 quod
920 1187 1264 1252 superioribus
1297 1187 1474 1234 diebus
1503 1185 1718 1250 praedae

167 1276 353 1335 fuerat,
402 1274 660 1338 equitibus
707 1273 991 1320 auxiliariis
1039 1271 1290 1336 agendum
1347 1270 1601 1329 attribuit,
1650 1270 1715 1316 A.

169 1355 424 1404 Manlium
461 1354 686 1417 legatum
723 1369 838 1399 cum
876 1352 1167 1399 cohortibus
1200 1350 1452 1415 expeditis
1485 1349 1549 1397 ad
1586 1348 1722 1413 oppi-

169 1439 292 1488 dum
325 1439 487 1498 Laris,
515 1438 604 1485 ubi
640 1436 952 1500 stipendium
987 1442 1039 1483 et
1076 1440 1412 1483 commeatum
1449 1434 1718 1492 locaverat,

168 1524 243 1572 ire
274 1524 453 1587 jubet3
491 1539 543 1570 se
579 1522 998 1586 praedabundum
1035 1526 1152 1586 post
1186 1537 1373 1585 paucos
1406 1520 1513 1568 dies
1547 1520 1720 1573 eodem

169 1614 458 1656 venturum.
525 1607 607 1655 Sic
631 1607 834 1671 incepto
859 1624 950 1655 suo
976 1608 1228 1655 occultato
1253 1607 1420 1671 pergit
1444 1606 1508 1654 ad
1533 1606 1722 1653 fiumen

171 1693 376 1741 Tanam.

275 1776 417 1826 XCI.
496 1777 732 1825 Ceterum
758 1776 813 1824 in
837 1777 1020 1825 itinere
1046 1777 1272 1842 quotidie
1297 1793 1450 1842 pecus
1477 1775 1725 1825 exercitui

172 1879 263 1926 per
294 1861 565 1921 centurias,
596 1862 720 1909 item
758 1866 952 1909 turmas
989 1862 1268 1926 aequaliter
1301 1862 1646 1921 distribuerat,
1674 1865 1727 1908 et

173 1963 239 1994 ex
271 1946 420 1994 coriis
453 1951 592 1993 utres
626 1946 704 1993 uti
737 1947 919 1993 fierent
952 1947 1192 2007 curabat3
1230 1946 1382 1993 simul
1415 1951 1466 1993 et
1502 1945 1725 2009 inopiam

173 2028 421 2076 frumenti
453 2028 627 2087 lenire,
654 2034 707 2076 et
726 2029 928 2092 ignaris
962 2030 1423 2093 omnibusfparare,
1450 2045 1578 2092 quae
1607 2045 1728 2076 mox

175 2111 292 2158 usui
337 2111 518 2159 forent.
595 2111 831 2175 Denique
880 2117 1024 2159 sexto
1073 2112 1170 2171 die,
1221 2129 1378 2175 quum
1426 2111 1491 2158 ad
1538 2111 1728 2158 flumen

175 2199 387 2242 ventum
424 2201 517 2256 est,
555 2196 780 2243 maxima
815 2196 893 2243 vis
930 2196 1123 2244 utrium
1161 2196 1351 2244 effecta,
1429 2195 1513 2242 Ibi
1550 2195 1728 2242 castris

176 2278 280 2326 levi
320 2279 640 2327 munimento
681 2280 874 2343 positis,
913 2281 1101 2328 milites
1139 2281 1307 2328 cibum
1345 2296 1536 2343 capere,
1575 2284 1728 2343 atque

177 2361 257 2408 uti
289 2360 440 2408 simul
472 2378 587 2409 cum
620 2378 800 2410 occasu
833 2363 951 2410 solis
985 2363 1359 2427 egrederentur,
1386 2368 1590 2426 paratos
1620 2379 1727 2411 esse

172 2445 323 2507 jubet
357 2445 591 2492 omnibus
628 2446 838 2493 sarcinis
875 2447 1100 2510 abjectis,
1137 2463 1268 2510 aqua
1303 2446 1452 2494 modo
1490 2463 1641 2510 seque
1677 2452 1730 2494 et

172 2529 409 2592 jumenta
455 2543 675 2576 onerare.
770 2528 922 2589 Dein,
972 2535 1240 2594 postquam
1294 2534 1495 2592 tempus
1543 2530 1726 2589 visum,

180 2612 359 2660 3351115
392 2611 665 2678 egreditur,
700 2619 1001 2677 noctemque
1034 2619 1195 2661 totam
1229 2613 1413 2660 itinere
1446 2612 1583 2661 facto
1618 2630 1729 2661 con-

181 2693 341 2741 sedit:
381 2692 524 2740 'idem
571 2695 822 2757 proxima,
845 2696 998 2744 facit:
1049 2696 1168 2743 dein
1210 2696 1365 2743 tertia
1405 2696 1568 2761 multo
1611 2702 1730 2743 ante

181 2774 310 2823 lucis
356 2775 634 2824 adventum
684 2779 921 2841 pervenit
970 2779 1025 2826 in
1075 2779 1240 2826 locum
1288 2779 1617 2838 tumulosum,
1667 2780 1730 2826 ab

184 2858 347 2924 Capsa
382 2876 486 2909 non
521 2861 738 2925 amplius
775 2862 934 2910 duum
970 2863 1186 2910 millium
1223 2863 1494 2911 intervallo
1510 2881 1524 2925 3
1560 2863 1730 2926 ibique
