1875 3117
149 80 213 129 40
505 77 582 127 Sal
599 77 681 126 LI,
694 75 890 126 USTII
933 75 1336 126 JL'GURTHA.

147 191 363 251 credere,
400 197 453 239 et
489 191 685 238 insidiis
725 190 887 238 locum
927 189 1128 238 tentari.
1206 188 1389 254 Itaque
1426 186 1533 254 ipae
1569 201 1683 236 cnm

147 275 399 340 expeditis
439 274 744 330 cohortibus,
783 272 902 320 item
947 272 1263 320 funditorum
1312 277 1367 320 et.
1405 269 1684 335 sagittario-

147 372 258 404 rum
301 355 496 404 delecta
536 371 686 402 manu
731 353 865 419 apud
908 355 1096 419 primos
1144 362 1285 415 erat;
1333 353 1385 402 in
1433 358 1685 418 postremo

147 438 199 487 C.
235 437 433 486 Marius
467 437 660 499 legatus
694 453 806 483 cum
841 436 1097 500 equitibus
1132 436 1373 497 curabat;
1409 435 1463 483 in
1495 440 1684 483 utrum·

146 509 242 586 que
268 521 400 569 latus
419 519 712 567 auxiliarios
731 519 926 583 equites
951 519 1171 566 tribunis
1196 518 1447 582 legionum
1472 524 1528 567 et
1550 533 1685 583 prae-

147 603 292 653 fectis
333 604 612 651 cohortium
651 602 1025 667 dis1x2rtiverat,
1064 603 1141 650 uti
1178 619 1292 650 cum
1332 602 1411 650 liis
1446 601 1686 667 permixti

146 689 339 746 velites,
366 703 679 751 quacumque
712 685 1008 733 accederent
1033 682 1291 750 equitatus
1315 685 1551 745 hostium,
1577 700 1686 751 pro-

146 771 417 835 pulsarent.
496 769 629 817 Nam
665 769 716 816 in
750 768 782 816 J
793 768 1011 832 ugurtha
1048 776 1222 816 tantus
1255 767 1416 827 dolus,
1442 775 1686 833 tantaque

147 855 327 918 peritia
365 855 583 902 locorum
621 860 674 899 ct
713 852 923 900 militiae
956 860 1080 909 erat,
1115 852 1208 910 uti,
1237 851 1419 899 absens
1449 866 1515 900 an
1550 866 1687 916 prae·

146 955 259 986 sens
302 954 472 1003 pacem
517 954 581 985 an
625 936 811 983 bellum
860 953 1038 999 gerens
1086 934 1413 1000 perniciosior
1457 940 1591 983 esset
1635 935 1687 984 in

147 1023 345 1070 incerto
364 1022 645 1070 haberetur.

250 1106 481 1155 XLVII.
558 1105 686 1154 Erat
718 1104 852 1152 haud
887 1104 1032 1165 longe
1057 1105 1122 1152 ab
1146 1121 1205 1152 eo
1230 1104 1426 1161 itinere,
1452 1118 1554 1167 quo
1582 1100 1687 1151 Me-

148 1189 299 1238 tellus
335 1190 590 1254 pergebat,
621 1188 861 1254 oppidum
901 1188 1258 1247 Numidarum,
1290 1187 1492 1235 nomine
1526 1185 1688 1251 Vaga,

148 1276 312 1323 forum
350 1291 516 1322 rerum
555 1273 809 1321 venalium
848 1273 1006 1321 totius
1042 1273 1183 1336 regni
1219 1272 1440 1339 maxime
1467 1270 1688 1337 gelehrt-

148 1367 256 1407 tum
274 1377 287 1420 3
325 1358 412 1406 ubi
443 1365 496 1404 et,
531 1357 747 1404 incolere
779 1364 832 1405 et
868 1357 1079 1405 mercari
1112 1343 1481 1404 consueverant
1518 1354 1688 1404 Italici

145 1443 342 1507 generis
378 1442 526 1490 multi
564 1442 810 1490 mortales.
889 1441 1009 1490 Huc
1043 1441 1233 1501 consul,
1267 1440 1417 1489 simul
1455 1438 1690 1489 tentandi

145 1528 310 1592 gratia
332 1535 399 1585 et,
426 1527 467 1574 si
501 1532 812 1591 paterentur,
839 1526 1221 1590 opportunitate
1253 1524 1353 1573 loci
1382 1511 1688 1590 praesidium

146 1607 417 1672 imposuit;
477 1611 738 1670 praeterea
791 1604 1065 1669 imperavit
1110 1603 1424 1652 frumentum
1472 1608 1528 1652 et
1571 1602 1689 1661 alia,

146 1705 273 1754 quae
298 1689 430 1736 bello
456 1687 568 1735 usui
594 1687 777 1746 forent,
805 1695 1150 1752 comportare;
1186 1693 1344 1745 ratus,
1371 1685 1422 1734 id
1447 1683 1583 1750 quod
1610 1700 1692 1734 res

147 1774 398 1831 monebat,
448 1772 784 1836 frequentiam
835 1772 1207 1835 negotiatorum
1254 1777 1310 1819 et
1353 1774 1689 1818 commeatum

141 1857 440 1919 juvaturum
488 1856 784 1913 exercitum,
833 1863 888 1903 et
932 1856 1039 1918 jam
1087 1854 1282 1919 pacatis
1328 1852 1480 1901 rebus
1530 1851 1692 1900 muni·

148 1949 319 1990 mento
350 1940 469 1988 fore.
546 1940 692 1988 Inter
727 1939 850 1987 haec
883 1940 1085 2004 negotia
1115 1937 1152 1987 J
1158 1936 1379 2003 ugurtha
1413 1934 1691 2001 impensius

148 2025 296 2074 modo
331 2025 522 2088 legatos
557 2024 807 2089 supplices
842 2024 1062 2081 mittere,
1091 2037 1265 2087 paoem
1301 2036 1462 2079 orare,
1491 2024 1693 2085 praeter

147 2125 290 2157 suam
348 2107 720 2170 liberorumque
775 2105 951 2164 vitam,
999 2104 1172 2153 omnia
1226 2102 1440 2152 Metello
1490 2101 1686 2151 dedere.

149 2193 287 2251 Quos
315 2191 454 2250 item,
480 2191 558 2238 uti
590 2191 796 2255 priores,
822 2189 998 2238 consul
1030 2189 1226 2237 illectos
1257 2186 1322 2236 ad
1353 2186 1692 2252 proditionem

149 2276 353 2325 domum
406 2274 727 2323 dimittebat:
784 2274 889 2336 regi
942 2288 1132 2337 paoem,
1180 2288 1334 2336 quam
1384 2269 1692 2335 postulabat,

151 2376 312 2424 neque
336 2360 558 2407 abnuere
581 2374 743 2422 neque
768 2357 1009 2422 polliceri,
1035 2362 1089 2404 et
1112 2356 1248 2404 inter
1270 2371 1355 2404 eas
1388 2370 1556 2403 moras
1585 2369 1697 2420 pro-

153 2443 306 2491 missa
330 2442 608 2505 legatorum
634 2446 939 2504 exspectare.

255 2523 519 2573 XLVIII.
592 2522 630 2572 J
635 2522 856 2587 ugurtha
883 2522 972 2569 ubi
1004 2520 1205 2569 Metelli
1236 2520 1376 2568 dicta
1398 2536 1513 2568 cum
1544 2517 1698 2568 factis

153 2609 448 2673 composuit»,
491 2624 550 2655 ac
591 2623 644 2655 se
685 2607 790 2654 suis
830 2606 1028 2654 artibus
1069 2604 1259 2652 tentari
1303 2600 1698 2663 animadvertit5

154 2693 340 2759 quippe
364 2692 447 2740 cui
479 2691 647 2739 verbis
675 2707 777 2755 pax
801 2689 1156 2748 nunciabatur,
1181 2694 1406 2736 ceterum
1428 2701 1485 2735 re
1505 2684 1696 2735 bellum

150 2776 483 2841 asperrimum
517 2781 642 2833 erat,
670 2774 790 2822 urbs
818 2772 1042 2822 maxima
1064 2772 1300 2833 alienata,
1325 2770 1700 2838 agerlioeh‘bm
