1875 3133
529 128 706 178 SALL
719 129 920 178 USTII
961 129 1364 178 JUGURTHA.
1659 134 1721 183 77

174 241 309 307 quod
344 241 635 307 [Iugurthae
672 241 960 306 Bocchique
996 259 1209 306 regnum
1246 242 1583 306 disjungebat,
1615 250 1726 292 erat

168 327 304 375 inter
326 333 545 376 ceteram
570 327 837 391 planitiem
862 344 1007 375 mons
1033 343 1230 387 saxeuS,
1251 327 1493 376 mediocri
1519 331 1726 379 castello

175 413 299 460 satis
346 418 543 478 patens,
587 412 643 460 in
689 412 993 460 immensum
1042 412 1225 473 editus,
1270 429 1372 460 uno
1418 421 1726 479 perangusto

173 497 319 546 aditu
360 484 567 545 reficto:
610 513 730 543 nam
768 496 932 544 omnis
968 488 1169 557 natura,
1208 497 1354 545 velut
1389 514 1537 562 opere
1574 504 1726 563 atque

174 580 419 641 consulto,
463 597 716 644 praecepS.
794 580 955 638 Quem
998 580 1164 628 locum
1213 580 1428 642 Marius,
1473 582 1608 646 quod
1655 583 1728 631 ibi

172 661 304 726 regis
336 662 564 710 thesauri
596 669 757 722 erant,
790 679 987 711 summa
1018 664 1073 711 vi
1106 680 1283 728 capere
1315 665 1550 713 intendit.
1629 665 1728 714 Sed

173 761 232 792 ea
255 761 335 792 res
360 744 508 805 forte,
527 762 679 809 quam
706 746 914 794 consilio
939 747 1121 794 melius
1145 752 1298 810 gesta.
1364 747 1501 795 Nam
1522 748 1728 796 castello

171 829 398 877 virorum
435 835 588 894 atque
622 847 878 878 armorum
912 831 1050 891 satis,
1077 849 1261 896 magna
1293 832 1371 880 vis
1396 832 1645 880 frumenti
1678 838 1730 880 et

171 911 286 960 fons
329 930 504 977 aquae,
549 914 815 978 aggeribus
857 914 1185 978 turribusque
1228 920 1280 963 et
1322 916 1435 963 aliis
1477 916 1731 964 machina-

173 997 401 1045 tionibus
437 998 577 1045 locus
613 998 952 1062 importunus,
987 998 1086 1046 iter
1124 999 1514 1047 castellanorum
1551 1017 1729 1064 angus-

173 1086 284 1128 tum
309 1080 598 1141 admodum,
625 1081 882 1145 utrimque
907 1081 1202 1145 praecisum.
1281 1082 1479 1130 Vineae
1510 1100 1624 1130 cum
1657 1083 1730 1130 in-

173 1163 315 1227 genti
356 1163 581 1228 periculo
624 1163 818 1212 frustra
860 1165 1216 1228 agitabantur:
1267 1183 1386 1214 nam
1436 1184 1594 1231 quum
1643 1185 1730 1216 eae

174 1247 404 1312 paullum
446 1252 810 1311 processerant,
854 1248 963 1311 igni
1005 1254 1098 1296 aut
1144 1249 1400 1313 lapidibus
1450 1267 1730 1316 corrumpe-

171 1331 363 1378 bantur
379 1349 393 1393 3
434 1331 625 1379 milites
666 1348 831 1396 neque
873 1348 965 1396 pro
1005 1348 1154 1396 opere
1194 1333 1483 1394 consistere,
1524 1340 1731 1399 propter

173 1414 500 1479 iniquitatem
550 1414 664 1476 loci,
714 1432 878 1480 neque
926 1416 1063 1463 inter
1110 1417 1286 1464 vineas
1343 1417 1451 1465 sine
1506 1419 1731 1482 periculo

175 1498 530 1547 administrare
547 1517 561 1561 3
604 1501 827 1564 optimus
869 1501 1081 1566 quisque
1122 1502 1314 1563 cadere,
1355 1508 1446 1550 aut
1485 1503 1731 1564 sauciari,

176 1583 356 1632 ceteris
391 1589 558 1632 metus
596 1585 780 1648 augeri.

278 1668 487 1717 XCIII.
563 1669 642 1716 At
684 1669 898 1730 Marius,
943 1671 1120 1719 multis
1165 1671 1342 1720 diebus
1385 1677 1437 1720 et
1475 1672 1732 1721 laboribus

176 1753 470 1812 consumtis,
498 1753 683 1800 anxius
712 1753 915 1819 trahere
949 1771 1063 1801 cum
1098 1755 1266 1802 animo
1293 1772 1383 1803 suo
1409 1756 1734 1804 omitteretne

176 1836 452 1900 inceptum,
493 1836 733 1900 quoniam
773 1836 966 1885 frustra
1009 1843 1134 1898 erat,
1176 1855 1243 1885 an
1284 1838 1545 1886 fortunam
1589 1856 1734 1904 oppe-

176 1919 380 1979 riretur,
408 1936 508 1983 qua
537 1936 684 1984 saepe
717 1937 954 1984 prospere
987 1938 1109 1969 usus
1143 1921 1325 1970 fuerat.
1402 1923 1544 1981 Quae
1577 1940 1734 1987 quum

178 2001 366 2051 multos
399 2002 506 2051 dies
539 2009 813 2068 noctesque
847 2010 1084 2052 aestuans
1110 2006 1342 2068 agitaret,
1369 2005 1502 2054 forte
1528 2007 1734 2071 quidam

180 2085 338 2155 Ligus
374 2103 439 2134 ex
476 2087 770 2135 cohortibus
807 2088 1092 2136 auxiliariis
1134 2089 1280 2137 miles
1321 2090 1595 2153 gregariUS,
1635 2107 1736 2138 cas-

183 2169 274 2217 tris
306 2175 552 2234 aquatum
585 2187 828 2235 egressus,
856 2171 994 2219 haud
1027 2173 1204 2236 procul
1233 2173 1297 2221 ab
1330 2173 1488 2221 latere
1523 2174 1733 2233 castelli,

181 2252 316 2317 quod
364 2270 598 2301 aversum
646 2255 1017 2319 proeliantibus
1066 2261 1191 2317 erat,
1236 2257 1462 2304 animum
1512 2257 1737 2305 advertit

181 2337 316 2383 inter
363 2353 487 2384 saxa
533 2343 768 2402 repentes
816 2338 1072 2408 cocbleas:
1122 2357 1338 2404 quarum
1381 2357 1538 2403 quum
1580 2357 1734 2388 unam

181 2425 334 2483 atque
382 2419 611 2481 alteram,
661 2421 781 2469 dein
827 2423 999 2487 plures
1046 2429 1259 2487 peteret,
1310 2424 1479 2471 studio
1535 2423 1736 2488 legendi

182 2502 450 2565 paullatim
475 2519 654 2568 prope
701 2504 766 2552 ad
815 2522 1069 2553 summum
1118 2507 1308 2555 montis
1361 2523 1590 2570 egressus
1642 2513 1730 2556 est.

185 2585 295 2634 Ubi
340 2591 609 2650 postquam
658 2588 985 2637 solitudinem
1027 2590 1300 2650 intellexit,
1343 2606 1483 2638 more
1517 2590 1736 2639 ‘humani

184 2669 377 2734 ingenii
412 2669 596 2733 cupido
632 2670 857 2720 difficilia
892 2672 1114 2721 faciendi
1150 2674 1376 2722 animum
1419 2674 1588 2723 vertit.
1666 2674 1736 2723 Et

184 2753 318 2801 forte
365 2753 421 2801 in
468 2769 526 2801 eo
573 2753 684 2802 loco
724 2755 931 2818 grandis
973 2757 1078 2805 ilex
1120 2758 1378 2806 coaluerat
1418 2758 1554 2806 inter
1590 2775 1733 2822 saxa,

186 2836 416 2901 paullum
455 2836 605 2886 modo
646 2854 821 2902 prona,
872 2839 1055 2889 deinde
1102 2841 1234 2890 flexa
1282 2847 1436 2907 atque
1484 2847 1634 2890 aucta
1680 2841 1734 2889 in
