1875 3133
483 131 871 182 SALLUSTII
912 133 1321 185 JUGURTHA.
1653 142 1680 189 9

239 243 370 293 XII.
446 244 619 294 Primo
662 251 932 308 conventu,
972 265 1121 313 quem
1160 251 1225 299 ab
1263 253 1450 316 regulis
1488 254 1681 307 factum

134 343 288 391 supra
310 328 602 389 memoravi,
623 335 830 393 propter
849 330 1211 381 dissensionem
1236 335 1497 398 placuerat
1522 338 1683 388 dividi

133 412 397 462 thesauros
429 414 654 478 finesque
687 415 889 480 imperii
921 417 1134 481 singulis
1167 420 1423 470 constitui.
1499 422 1682 488 Itaque

131 502 334 562 tempus
365 497 431 546 ad
464 503 732 563 utramque
764 517 870 547 rem
895 500 1199 562 decernitur,
1227 503 1314 551 sed
1342 506 1593 555 maturius
1617 508 1682 555 ad

132 582 400 646 pecuniam
429 582 845 633 distribuendam.
922 584 1110 649 Reguli
1139 587 1334 636 interea
1356 589 1412 636 in
1441 590 1551 639 loca
1573 608 1681 656 pro-

131 666 324 731 pinqua
346 666 614 727 thesauris,
632 668 762 715 alius
788 669 902 729 alio,
924 687 1222 720 concessere.
1287 672 1387 721 Sed
1412 672 1682 739 Hiempsal

131 751 187 798 in
224 750 409 814 oppido
458 750 721 799 Thirmida
762 751 895 800 forte
937 754 1047 817 ejus
1085 755 1233 804 domo
1275 758 1530 818 utebatur,
1575 759 1678 822 qui,

129 834 392 898 proximus
429 835 578 882 lictor
613 835 903 899 Jugurthae
938 854 1084 887 carus
1117 845 1452 905 acceptusque
1485 858 1681 906 semper

128 917 300 965 fuerat
316 935 330 979 3
367 905 516 982 quem
553 918 640 966 ille
677 936 796 967 casu
831 920 1123 969 ministrum
1157 923 1384 971 oblatum
1421 927 1680 989 promissis

128 1006 307 1049 onerat
338 1002 671 1066 impellitque,
698 1004 776 1050 uti
809 990 1069 1068 tamquam
1104 1022 1247 1054 suam
1272 1008 1440 1056 visens
1473 1009 1679 1058 domum

128 1090 226 1145 eat,
251 1090 514 1150 portarum
541 1086 708 1134 claves
737 1086 1052 1136 adulterinas
1084 1094 1260 1153 paret3
1297 1107 1416 1138 nam
1440 1108 1590 1141 verae
1614 1094 1679 1141 ad

127 1169 478 1234 Hiempsalem
503 1169 856 1218 referebantur
865 1189 878 1232 3
905 1176 1144 1232 ceterum,
1162 1174 1251 1222 ubi
1275 1191 1355 1222 res
1379 1176 1676 1238 postularet,

126 1268 178 1300 se
202 1252 370 1316 ipsum
396 1268 511 1299 cum
536 1269 721 1316 magna
744 1270 900 1301 manu
923 1251 1213 1305 ⁷venturum.
1289 1256 1519 1306 Numida
1542 1275 1679 1307 man-

124 1334 246 1383 data
280 1336 425 1384 brevi
462 1336 681 1384 confecit
716 1342 885 1401 atque,
920 1343 980 1386 ut
1016 1339 1195 1388 doctus
1232 1346 1356 1402 erat,
1394 1330 1551 1390 noctu
1586 1343 1624 1392 J
1628 1361 1679 1391 u-

122 1418 339 1481 gurthae
380 1419 570 1467 milites
612 1420 906 1469 introducit.
984 1422 1086 1480 Qui
1126 1429 1395 1489 postquam
1437 1425 1492 1473 in
1530 1426 1678 1475 aedes

121 1502 366 1566 irrupere,
410 1503 600 1551 diversi
647 1521 816 1568 regem
865 1523 1105 1571 quaerere
1121 1526 1135 1570 3
1184 1509 1492 1559 dormientes
1534 1512 1675 1572 alios,

121 1586 248 1634 alios
296 1593 618 1636 occursantes
666 1589 950 1638 interficere
967 1609 980 1652 3
1043 1594 1260 1641 scrutari
1314 1594 1425 1642 loca
1472 1595 1675 1656 abdita3

122 1669 293 1717 clausa
325 1670 591 1733 effringere
607 1689 620 1732 3
659 1673 878 1736 strepitu
911 1678 964 1721 et
995 1675 1224 1722 tumultu
1262 1677 1431 1724 omnia
1466 1677 1675 1725 miscere

121 1768 278 1815 quum
323 1751 594 1817 Hiempsal
642 1754 849 1802 interim
898 1757 1165 1820 reperitur,
1211 1759 1471 1807 occultans
1520 1777 1572 1808 se
1619 1761 1674 1808 in

119 1836 326 1900 tugurio
350 1837 578 1885 mulieris
603 1838 832 1898 ancillae,
851 1856 950 1903 quo
974 1840 1123 1888 initio
1148 1842 1365 1905 pavidus
1390 1848 1442 1890 et
1466 1843 1673 1907 ignarus

119 1918 218 1966 loci
248 1919 555 1984 perfugerat.
631 1921 889 1971 Numidae
920 1930 1074 1988 caput
1099 1926 1222 1988 ejus,
1250 1927 1328 1973 uti
1354 1927 1486 1990 jussi
1510 1934 1670 1988 erant,

119 2003 185 2051 ad
207 2003 523 2067 Jugurtham
548 2004 791 2054 referunt.

223 2087 387 2136 XIII.
464 2088 702 2137 Ceterum
732 2090 870 2139 fama
898 2093 1034 2140 tanti
1069 2093 1310 2142 facinoris
1345 2112 1437 2159 per
1472 2112 1670 2144 omnem

118 2178 352 2226 Africam
377 2180 523 2227 brevi
546 2164 844 2244 divulgatur
859 2200 873 2243 3
910 2182 1258 2232 Adherbalem
1279 2202 1565 2249 omnesque,
1583 2188 1671 2251 qui

119 2262 213 2309 sub
237 2262 450 2326 imperio
476 2262 725 2328 Micipsae
749 2264 970 2326 fuerant,
997 2271 1164 2315 metus
1197 2268 1397 2316 invadit
1412 2286 1426 2329 3
1464 2269 1519 2316 in
1543 2269 1670 2317 duas

117 2350 288 2409 partes
324 2345 628 2407 discedunt3
665 2349 836 2412 plures
872 2349 1219 2399 Adherbalem
1257 2358 1554 2415 sequuntur,
1581 2355 1668 2402 sed

117 2426 263 2474 illum
296 2427 513 2475 alterum
546 2430 678 2478 bello
708 2432 952 2480 meliores.
1029 2433 1199 2497 Igitur
1226 2434 1263 2482 J
1268 2434 1487 2497 ugurtha
1516 2452 1667 2500 quam

117 2510 366 2558 maximas
393 2517 563 2575 potest
599 2514 767 2578 copias
804 2520 998 2577 armat3
1038 2517 1187 2564 urbes
1223 2518 1409 2580 partim
1448 2518 1515 2577 vi,
1543 2519 1667 2566 alias

116 2593 383 2641 voluntate
418 2594 630 2659 imperio
666 2614 757 2646 suo
794 2599 1059 2663 adjungit,
1097 2600 1234 2647 omni
1270 2600 1547 2649 Numidiae
1578 2602 1666 2649 im-

114 2669 291 2742 perare
342 2684 501 2742 parat.
599 2680 880 2742 Adherbal,
934 2683 1139 2730 tametsi
1200 2683 1416 2730 Romam
1475 2684 1665 2747 legatos

114 2761 338 2822 miserat,
366 2763 454 2826 qui
478 2769 711 2811 senatum
737 2765 977 2813 docerent
1001 2765 1064 2813 de
1094 2766 1244 2813 caede
1277 2766 1452 2814 fratris
1481 2772 1533 2814 et
1568 2767 1663 2815 for-

114 2844 255 2893 tunis
279 2846 399 2906 suis,
429 2850 613 2907 tamen,
644 2847 807 2896 fretus
831 2849 1164 2898 multitudine
1188 2851 1425 2911 militum,
1451 2851 1663 2915 parabat
