1875 3133
377 182 382 185 ,
469 124 851 174 SALLUSTJI
892 125 1291 175 JUGURTHA.
1587 128 1650 176 85

115 238 400 282 terrentur:
437 234 685 298 simulque
717 235 920 282 barbari
949 236 1141 283 animos
1174 237 1365 296 tollere,
1392 249 1444 284 et
1468 237 1522 285 in
1546 255 1652 302 per-

115 317 278 365 culsos
303 316 560 364 Romanos
583 317 748 364 acrius
778 318 1017 366 incedere.
1093 320 1312 384 Jamque
1335 321 1562 384 paullum
1586 323 1651 369 ab

114 400 236 464 fuga
279 399 506 459 aberant,
549 417 704 463 quum
755 400 910 460 Sulla,
953 403 1231 467 profligatis
1279 405 1354 463 iis,
1398 421 1523 468 quos
1570 405 1651 453 ad-

108 498 312 530 versum
362 483 505 541 ierat,
555 482 753 529 Mauris
800 484 864 530 ab
911 484 1067 532 latere
1120 485 1344 532 incurrit.
1422 486 1652 534 Bocchus

113 565 286 612 statim
319 565 580 612 avertitur.
657 565 734 612 At
766 565 801 613 J
807 567 1041 628 ugurtha,
1069 567 1188 614 dum
1223 574 1506 617 sustentare
1536 586 1651 618 suos

112 651 166 693 et
204 663 359 711 prope
394 647 501 710 jani
540 647 775 710 adeptam
813 649 1075 696 victoriam
1114 650 1331 698 retinere
1368 651 1523 714 cupit,
1562 651 1650 698 cir·

111 737 412 780 cumventus
444 731 507 778 ab
543 731 814 794 equitibus,
848 731 1043 790 dextra,
1075 733 1280 780 sinistra
1312 734 1544 781 omnibus
1576 750 1651 780 oe-

111 813 241 873 cisis,
258 813 392 861 solus
417 813 551 860 inter
569 813 671 860 tela
695 813 915 861 hostium
937 815 1246 863 vitabundus
1266 817 1496 880 erumpit.
1557 817 1651 864 At.

110 913 207 960 que
235 896 440 944 interim
473 895 671 944 Marius
696 896 885 960 fugatis
919 899 1174 962 equitibus
1207 900 1427 946 occurrit
1459 900 1651 947 auxilio

110 979 231 1039 suis,
258 996 382 1043 quos
408 979 527 1042 pelli
554 979 660 1041 jam
686 986 958 1043 acceperat.
1035 980 1269 1044 Denique
1302 982 1470 1029 hostes
1504 982 1649 1029 undi-

110 1079 206 1126 que
225 1062 339 1110 fusi.
404 1062 532 1109 Tum
559 1063 896 1125 spectaculum
927 1063 1166 1111 horribile
1191 1064 1244 1110 in
1264 1065 1453 1128 campis
1478 1070 1649 1128 paten-

112 1146 277 1206 tibus;
307 1145 463 1209 sequi,
491 1145 679 1208 fugere,
707 1145 881 1203 occidi,
909 1146 1050 1209 capi,
1081 1147 1211 1210 equi,
1238 1147 1335 1194 viri
1371 1147 1559 1206 afflicti,
1593 1165 1651 1195 ac

110 1228 260 1275 multi
295 1228 591 1275 vulneribus
626 1228 846 1290 acceptis
882 1245 1043 1291 neque
1080 1228 1254 1291 fugere
1291 1246 1449 1292 posse,
1488 1247 1651 1294 neque

108 1312 329 1376 quietem
355 1313 462 1376 pati
475 1330 488 1373 3
513 1312 611 1359 niti
635 1311 798 1370 modo,
816 1328 872 1359 ac
894 1312 1067 1359 statim
1089 1312 1372 1360 concidere:
1399 1319 1651 1377 postremo

109 1397 292 1457 omnia,
324 1414 424 1461 qua
456 1398 595 1456 visus
629 1403 752 1455 erat,
788 1403 1044 1444 constrata
1076 1397 1206 1455 telis,
1241 1397 1409 1456 armis,
1448 1397 1652 1445 cadave—

110 1481 264 1539 ribus,
291 1485 344 1528 et
367 1480 501 1527 inter
526 1497 584 1527 ea
607 1479 791 1526 humus
816 1480 1006 1528 infecta
1030 1481 1284 1544 sanguine.

213 1565 328 1614 CII.
405 1564 589 1612 Postea
627 1564 723 1612 loci
763 1565 936 1611 consul
978 1564 1115 1612 haud
1158 1564 1309 1611 dubie
1346 1564 1452 1626 jam
1488 1566 1652 1612 victor

109 1648 343 1712 pervenit
377 1647 431 1694 in
464 1631 704 1710 oppidum
740 1648 948 1705 Cirtam,
975 1664 1074 1710 quo
1107 1648 1255 1694 initio
1288 1647 1544 1710 profectus
1579 1646 1652 1693 in-

108 1732 354 1780 tenderat.
431 1730 508 1778 Eo
545 1736 659 1793 post
695 1730 827 1778 diem
865 1731 1116 1794 quintum,
1143 1748 1293 1794 quam
1327 1731 1511 1778 iterum
1543 1731 1652 1778 bar-

108 1815 219 1863 bari
253 1814 383 1861 male
419 1819 784 1877 pugnaverant,
816 1815 970 1876 legati
1006 1832 1035 1861 a
1073 1814 1271 1861 Boccho
1308 1814 1536 1873 veniunt,
1563 1814 1651 1877 qui

109 1897 240 1961 regis
271 1897 439 1944 verbis
471 1897 535 1943 ab
569 1896 736 1944 Mario
766 1898 1006 1960 petivere,
1036 1897 1180 1944 “duo
1206 1914 1357 1961 quam
1383 1897 1651 1944 fidissimos

109 1979 174 2028 ad
210 1996 325 2027 eum
350 1979 606 2026 mitteret:
646 1979 774 2026 velle
811 1979 872 2027 de
910 1996 999 2026 suo
1035 1985 1088 2026 et
1122 1979 1184 2026 de
1220 1980 1394 2042 populi
1432 1979 1652 2026 Romani

110 2061 370 2109 commodo
395 2077 509 2108 cum
534 2062 597 2108 iis
622 2061 908 2109 disserere.”
981 2062 1078 2110 Ille
1103 2063 1275 2110 statim
1302 2062 1356 2110 L.
1383 2063 1575 2110 Sullam
1600 2070 1653 2110 et

110 2144 176 2191 A.
212 2142 466 2191 Manlium
498 2144 572 2191 ire
598 2145 756 2207 jubet.
836 2145 936 2203 Qui
969 2163 1274 2209 quamquam
1308 2147 1458 2193 acciti
1490 2147 1648 2205 ibant,

111 2232 282 2274 tamen
313 2227 690 2290 placuit.verba
722 2229 857 2292 apud
891 2246 1056 2293 regem
1083 2230 1262 2289 facere,
1290 2231 1367 2277 uti
1392 2231 1650 2292 ingenium

109 2316 201 2358 aut
235 2327 467 2358 aversum
503 2312 779 2371 flecterent,
814 2319 905 2360 aut
941 2313 1178 2376 cupidum
1216 2314 1353 2377 pacis
1390 2313 1651 2361 vehemen-

111 2395 213 2442 tius
244 2394 587 2444 accenderent.
663 2395 845 2460 Itaque
877 2397 1032 2456 Sulla,
1059 2397 1203 2458 cujus
1239 2396 1521 2455 facundiae,
1548 2413 1649 2444 non

109 2477 283 2537 aetati,
309 2495 340 2525 a
372 2477 567 2526 Manlio
591 2496 896 2540 concessum,
923 2498 1083 2544 pauca
1120 2481 1273 2527 verba
1305 2480 1650 2542 hujuscemodi

111 2560 338 2609 locutus:
367 2560 522 2608 “Rex
547 2562 758 2622 Bocche,
785 2580 967 2626 magna
992 2564 1135 2610 nobis
1161 2563 1357 2610 laetitia
1382 2569 1472 2623 est,
1493 2580 1649 2627 quum

111 2650 163 2692 te
186 2644 340 2691 talem
365 2644 530 2691 virum
555 2645 608 2692 di
633 2662 884 2705 monuere,
903 2648 979 2694 uti
1005 2647 1275 2710 aliquando
1301 2663 1471 2710 pacem
1499 2664 1647 2710 quam

112 2725 299 2773 bellum
332 2724 521 2784 malleS‚
548 2742 647 2773 neu
680 2733 731 2775 te
764 2729 1010 2792 optimum
1038 2745 1149 2775 cum
1186 2729 1400 2792 pessimo
1425 2730 1648 2776 omnium

111 2806 149 2856 J
152 2806 372 2873 ugurtha
412 2807 666 2855 miscendo
714 2810 1102 2857 commaculares
1119 2827 1133 2871 5
1182 2810 1332 2857 simul
1380 2810 1525 2857 nobis
1571 2810 1650 2859 de-
