1875 3133
471 144 859 232 SALLUSTlr
901 145 1301 196 JUGURTHA.
1586 146 1648 193 59

115 257 347 322 persequi
366 260 576 304 conatus
593 273 607 317 ;
642 261 907 320 postquam
927 257 979 304 id
999 256 1190 304 frustra
1205 255 1321 314 fuit,
1341 255 1377 304 J
1382 255 1653 319 ugurtham

115 339 349 404 placandi
380 339 545 402 gratia
579 338 774 386 accedit
791 357 804 400 3
840 338 980 398 dicit,
1021 343 1193 402 “quae
1230 338 1336 401 ipsc
1373 337 1653 401 paravisset

114 424 294 483 facere,
320 422 531 487 perfidia
563 422 762 469 clientis
795 423 873 470 sui
905 422 1244 486 praeventa'';
1281 422 1548 469 lacrimans
1573 423 1652 469 ob-

115 509 349 564 testatur,
392 508 527 568 “per
567 503 841 550 amicitiam
885 521 1072 568 perque
1113 521 1205 551 sua
1246 509 1396 551 antea
1437 502 1653 551 fideliter

114 593 243 647 acta,
268 603 333 635 ne
358 603 508 650 super
531 586 624 634 tali
648 586 832 634 scelere
858 592 1143 650 suspectum
1170 603 1276 634 sese
1301 586 1553 634 haberet.''

219 671 451 722 LXXII.
527 671 615 720 Ad
640 689 699 720 ea
723 688 828 731 rex,
855 672 1004 719 aliter
1035 678 1186 736 atque
1225 672 1393 735 animo
1431 673 1651 735 gerebat,

115 756 309 821 placide
351 755 622 820 respondit.
716 756 995 803 Bomilcare
1035 756 1245 819 aliisque
1292 756 1482 815 multis,
1531 773 1654 820 quos

113 841 274 888 socios
310 840 607 888 insidiarum
648 846 964 903 cognoverat,
991 840 1273 887 interfectis
1306 840 1432 888 iram
1458 857 1653 904 oppres-

116 929 266 984 serat,
292 940 356 972 ne
381 941 480 988 qua
516 941 580 971 ex
616 941 673 971 eo
710 925 910 986 negotio
950 924 1129 971 seditio
1168 924 1396 971 oriretur.
1473 924 1653 989 Neque

115 1013 232 1070 post
265 1007 318 1056 id
355 990 575 1055 locorum
612 1007 900 1071 Jugurthae
939 1007 1045 1054 dies
1086 1012 1177 1054 aut
1214 1024 1315 1054 nox
1349 1007 1453 1055 ulla
1484 1009 1655 1071 quieta

116 1073 219 1139 fuit
235 1107 262 1152 3·
286 1107 447 1154 neque
472 1090 594 1148 loco,
622 1106 783 1153 neque
808 1089 1009 1136 mortali
1035 1089 1284 1152 cuiquam,
1310 1094 1401 1136 aut
1424 1091 1652 1154 tempori,

115 1175 240 1222 satis
276 1174 508 1234 credere;
558 1159 708 1232 cives,
746 1173 930 1232 hostes,
963 1173 1116 1235 juxta
1156 1178 1380 1220 metuere
1398 1191 1410 1233 5
1448 1173 1653 1221 circum-

113 1261 339 1320 spectare
364 1256 547 1315 omnia,
574 1261 627 1303 et
650 1256 787 1302 omni
812 1256 1027 1319 strepitu
1047 1272 1311 1319 pavescere
1330 1274 1342 1317 3
1379 1256 1478 1304 alio
1502 1262 1653 1320 atque

113 1339 214 1386 alio
238 1338 361 1398 loco,
382 1354 528 1402 saepe
548 1343 724 1385 contra
739 1337 890 1385 decus
910 1338 1117 1401 regium,
1135 1344 1288 1385 noctu
1315 1339 1622 1401 requiescere
1641 1356 1653 1398 ;

114 1420 387 1480 interdum,
435 1437 610 1468 somno
658 1421 855 1468 excitus
904 1422 1119 1484 arreptis
1175 1422 1328 1468 armis
1375 1422 1651 1469 tumultum

113 1503 308 1567 facere3
345 1505 420 1552 ita
443 1504 713 1552 formidine
738 1506 881 1569 quasi
906 1505 1138 1553 vecordia
1163 1506 1420 1569 exagitari.

216 1587 479 1636 LXXIII.
545 1587 714 1651 Igitur
740 1588 996 1648 MetelluS,
1014 1590 1101 1636 ubi
1127 1589 1188 1637 de
1214 1607 1331 1637 casu
1358 1590 1653 1638 Bomilcaris

114 1677 168 1718 et
190 1670 377 1718 indicio
401 1670 655 1734 patefacto
689 1688 752 1718 ex
788 1672 1011 1734 perfugis
1048 1673 1296 1735 cognovit,
1323 1690 1495 1721 rursus
1531 1678 1654 1721 tam·

113 1771 265 1818 quam
303 1754 367 1802 ad
405 1755 659 1817 integrum
703 1756 889 1802 bellum
931 1763 1114 1804 cuncta
1149 1763 1295 1820 parat
1327 1757 1646 1822 festinatque.

113 1839 354 1898 Marium,
380 1837 680 1901 fatigantem
720 1838 781 1886 de
820 1839 1143 1902 profectione,
1171 1840 1320 1887 simul
1357 1847 1409 1886 et
1433 1841 1650 1888 invitum

113 1927 167 1970 et
200 1922 445 1988 offen-sum
492 1921 590 1969 sibi
637 1938 814 1985 parum
864 1921 1099 1969 idoneum
1147 1929 1303 1981 ratus,
1342 1923 1545 1970 domum
1582 1923 1651 1971 di-

112 2004 286 2052 mittit.
364 2004 436 2052 Et
460 2004 654 2052 Romae
679 2005 864 2068 plebes,
891 2005 1090 2064 litteris,
1118 2022 1245 2069 quae
1271 2005 1332 2053 de
1358 2006 1570 2054 Metello
1594 2024 1651 2055 ac

114 2086 281 2136 Mario
303 2088 485 2135 missae
504 2092 664 2146 erant,
686 2088 914 2151 cognitis,
932 2088 1123 2136 volenti
1142 2090 1310 2137 animo
1329 2089 1390 2137 de
1409 2090 1651 2138 ambobus

112 2176 420 2235 acceperant.
496 2170 800 2234 Imperatori
835 2171 1089 2230 nobilitas,
1129 2189 1256 2235 quae
1293 2179 1443 2220 antea
1468 2172 1650 2232 decori,

113 2253 336 2302 invidiae
359 2269 496 2301 esse:
533 2260 589 2301 at
612 2254 688 2301 illi
724 2254 872 2301 alteri
907 2255 1104 2317 generis
1141 2255 1401 2303 humilitas
1426 2256 1650 2304 favorem

112 2335 406 2385 addiderat:
443 2342 665 2384 ceterum
705 2337 759 2384 in
801 2343 1015 2401 utroque
1051 2338 1210 2401 magis
1234 2339 1403 2386 studia
1428 2341 1648 2403 partium

112 2433 263 2482 quam
301 2417 435 2466 bona
471 2425 564 2467 aut
599 2420 733 2468 mala
768 2436 860 2467 sua
891 2419 1150 2467 moderata
1175 2427 1306 2468 sunt.
1384 2421 1652 2471 Praeterea

112 2499 339 2549 seditiosi
362 2501 688 2564 magistratus
713 2488 922 2565 v-u-lgum
949 2488 1220 2566 exagitare,
1248 2503 1515 2551 Metellum
1553 2521 1650 2552 om-

113 2582 263 2632 nibus
287 2582 612 2631 concionibus
644 2584 826 2648 capitis
860 2601 1123 2644 arcessere,
1151 2585 1306 2633 Marii
1330 2585 1571 2634 virtutem
1597 2588 1650 2634 in

111 2665 276 2730 majus
299 2664 562 2713 celebrare.
638 2665 872 2731 Denique
897 2668 1067 2731 plebes
1103 2668 1173 2716 sic
1198 2685 1420 2729 accensa,
1447 2671 1525 2719 uti
1550 2673 1650 2736 opi-

112 2748 231 2798 fices
253 2753 573 2813 agrestesque
597 2765 784 2811 omnes,
811 2768 1024 2814 quorum
1058 2767 1137 2798 res
1173 2751 1394 2816 fidesque
1418 2753 1472 2800 in
1497 2755 1651 2802 mani-

110 2829 207 2880 bus
229 2829 358 2879 sitae
376 2834 537 2890 erant,
553 2830 742 2879 relictis
757 2832 991 2896 operibus
1010 2830 1394 2896 frequentarent
1410 2833 1647 2893 Marium,
