1875 3133
488 95 873 154 SALLUSTII
914 85 1327 141 JUGURTHA.
1611 80 1673 128 23

135 224 354 272 violatos
391 235 498 268 sese
533 216 658 275 fore,
706 206 991 260 Adherbali
1039 201 1269 259 suadent,
1308 197 1386 245 uti
1423 210 1588 258 seque,
1627 198 1678 240 et

136 476 308 527 omnia
330 473 529 538 potiora
553 467 652 516 fide
676 466 711 514 J
716 461 966 528 ugurthae
990 458 1211 514 rebatur,
1237 451 1357 516 quia
1391 463 1545 513 penes
1581 462 1681 493 eos-

135 563 267 621 dem,
305 559 349 608 si
384 556 754 609 adversaretur,
794 544 1004 610 cogendi
1050 544 1274 606 potestas
1316 539 1440 594 erat,
1478 533 1566 591 ita,
1604 529 1683 577 uti

136 645 439 694 censuerant
463 635 650 695 Italici,
678 631 987 681 deditionem
1012 624 1148 672 facit.
1223 621 1259 669 J
1265 616 1486 683 ugurtha
1508 615 1563 662 in
1587 613 1684 678 pri-

137 731 234 780 mis
269 723 617 778 Adherbalem
654 715 1001 767 excruciatum
1049 712 1232 767 necat,
1281 701 1463 752 deinde
1512 714 1685 747 omnes

137 817 353 882 puberes
377 808 631 860 Numidas
667 809 720 853 et
754 799 1094 864 negotiatores
1129 789 1427 856 promiscue,
1453 784 1532 832 uti
1556 782 1686 847 quis-

138 916 236 965 que
261 895 470 947 armatis
495 890 675 940 obvius
699 886 883 942 fuerat,
910 876 1178 929 interfecit.

241 977 486 1031 XXVII.
552 972 699 1033 Quod
722 974 990 1035 postquam
1016 963 1210 1010 Romae
1236 955 1493 1019 cognitum
1519 955 1610 1010 est,
1637 954 1688 996 et

140 1083 220 1115 res
254 1065 310 1112 in
346 1065 527 1111 senatu
562 1054 746 1120 agitari
783 1054 975 1114 coepta,
1014 1045 1148 1093 idem
1185 1040 1264 1088 illi
1299 1035 1523 1086 ministri
1557 1032 1688 1096 regis

139 1145 510 1213 interpellando
546 1158 604 1190 ac
646 1153 793 1201 saepe
840 1132 1019 1198 gratia,
1057 1125 1317 1176 interdum
1359 1120 1543 1186 jurgiis
1590 1123 1690 1165 tra·

140 1233 306 1283 hendo
355 1236 558 1292 tempus
608 1221 929 1272 atrocitatem
980 1213 1107 1262 facti
1156 1209 1426 1258 leniebant.
1504 1203 1586 1251 Ac
1636 1201 1691 1248 ni

141 1319 194 1369 O.
235 1313 527 1371 Memmius,
564 1309 804 1358 tribunus
840 1299 1002 1366 plebis
1039 1296 1348 1360 designatus,
1376 1290 1457 1337 vir
1483 1303 1597 1336 acer
1634 1292 1686 1334 et

141 1402 359 1451 infestus
383 1395 643 1463 potentiae
667 1386 967 1445 nobilitatis,
993 1382 1239 1448 populum
1265 1378 1556 1425 Romanum
1581 1371 1691 1419 edo·

144 1485 331 1534 cuisset
376 1481 430 1530 id
478 1478 574 1543 agi,
619 1475 699 1523 uti
745 1487 836 1537 per
881 1483 1068 1533 paucos
1116 1463 1355 1512 factiosos
1402 1457 1439 1505 J
1443 1453 1692 1519 ugurthae

144 1568 307 1617 scelus
357 1563 744 1615 condonaretur,
796 1551 1024 1618 profecto
1076 1546 1238 1596 omnis
1292 1539 1488 1590 invidia
1534 1536 1692 1601 prola-

147 1815 360 1866 scientia
383 1811 627 1878 populum
652 1808 815 1864 timet,
840 1805 949 1867 lege
975 1795 1272 1862 Sempronia
1303 1790 1594 1857 provinciae
1620 1787 1694 1835 fu·

148 1900 279 1948 turis
304 1896 595 1947 consulibus
631 1889 881 1941 Numidia
917 1891 1069 1949 atque
1106 1880 1262 1929 Italia
1287 1878 1544 1925 decretae:
1585 1889 1695 1921 con·

149 1984 283 2032 Sules
307 1981 632 2030 declarantur
667 1975 722 2023 P.
755 1971 922 2035 Scipio
959 1967 1163 2025 Nasica,
1202 1964 1257 2012 L.
1289 1961 1464 2010 Bestia
1490 1959 1696 2022 Calpur·

150 2069 294 2117 nius:
344 2063 620 2129 Calpurnio
668 2057 931 2114 Numidia,
983 2049 1206 2115 Scipioni
1254 2047 1411 2096 Italia
1458 2042 1694 2092 obvenit:

151 2149 334 2199 deinde
358 2147 627 2204 exercitus,
654 2142 742 2208 qui
767 2141 822 2188 in
847 2137 1080 2186 Africam
1105 2134 1411 2197 portaretur,
1434 2126 1694 2175 scribitur:

154 2231 465 2296 stipendium
513 2229 727 2292 aliaque,
778 2237 907 2287 quae
954 2218 1087 2266 bello
1136 2213 1252 2262 usui
1301 2211 1485 2269 forent,
1535 2208 1698 2255 decer-

153 2319 361 2364 nuntur.

258 2395 532 2448 XXVIII.
608 2393 687 2441 At
710 2390 746 2439 J
750 2387 971 2453 ugurtha
1007 2388 1184 2432 contra
1222 2395 1360 2444 spem
1402 2372 1589 2422 nuncio
1625 2388 1700 2420 ac-

156 2489 317 2550 cepto,
343 2481 530 2546 quippe
566 2477 649 2526 cui
679 2476 875 2524 Romae
911 2470 1081 2519 omnia
1118 2481 1305 2514 venum
1342 2462 1416 2508 ire
1444 2459 1500 2507 in
1532 2457 1699 2505 animo

156 2569 403 2624 haeserat,
428 2563 591 2611 filium
616 2566 668 2609 et
693 2577 808 2608 cum
846 2574 904 2606 eo
941 2555 1041 2603 duo
1077 2549 1354 2600 familiares
1379 2543 1443 2593 ad
1469 2547 1698 2591 senatum

157 2653 350 2716 legatos
373 2646 538 2695 mittit
553 2662 566 2706 3
602 2644 781 2707 hisque
806 2646 866 2688 ut
897 2638 1014 2696 illis,
1051 2649 1175 2698 quos
1214 2627 1513 2691 Hiempsale
1550 2625 1701 2672 inter-

157 2736 293 2786 fecto
315 2732 538 2789 miserat,
563 2726 835 2792 praecepit,
863 2728 1075 2770 “omnes
1108 2713 1345 2764 mortales
1381 2709 1596 2774 pecunia
1622 2724 1703 2771 ag-

160 2813 499 2886 grediantur.''
572 2810 673 2869 Qui
708 2813 975 2873 postquam
1006 2803 1222 2852 Romam
1248 2794 1592 2845 adventabant
1635 2808 1686 2840 se
