1875 3117
224 117 286 163 38
578 115 654 163 SA
669 114 753 161 LL
767 113 964 162 USTJI
1006 113 1142 161 JUG
1152 111 1403 160 URTIIA.

224 226 431 290 periculi
480 242 640 288 neque
688 224 872 271 laboris
919 224 1131 286 patiens,
1182 223 1353 285 lingua
1398 238 1548 286 quam
1597 236 1749 269 manu

223 307 513 370 promptior,
540 305 805 368 praedator
830 320 892 350 ex
918 304 1062 350 sociis
1087 310 1138 350 et
1171 304 1274 366 ipse
1299 302 1484 366 praeda
1513 302 1748 360 hostium,

223 389 329 435 sine
354 388 562 450 imperio
587 391 638 433 ct
662 385 905 432 modestia
929 384 1142 431 habitus.
1208 385 1291 431 Ita
1310 383 1598 447 imperatori
1619 398 1750 430 novo

225 471 336 533 plus
374 487 436 517 cx
478 470 622 515 malis
661 468 883 514 moribus
925 467 1277 514 sollicitudinis
1315 484 1464 529 quam
1503 482 1567 513 ex
1608 464 1750 528 copia

226 553 442 599 milituln
491 551 668 598 auxilii
715 556 805 596 aut
853 550 957 612 spei
1005 551 1162 596 bonae
1204 550 1480 596 accedebat.
1558 547 1751 595 Statuit

226 643 394 682 tamen
443 635 696 692 Metellus,
746 650 1047 696 quamquam
1097 639 1148 679 ct
1196 633 1498 679 aestivorum
1552 636 1751 693 tempus

225 722 537 768 comitiorum
566 736 704 765 mora
726 718 1062 774 imminuerat,
1081 722 1132 762 ct
1150 716 1521 779 exspectatione
1540 720 1751 762 eventus

226 804 409 850 civium
453 802 646 848 animos
694 801 917 847 intentos
965 800 1192 862 putabat,
1237 815 1337 845 non
1384 799 1523 862 prius
1562 799 1749 846 bellum

225 884 497 944 adtingvre,
532 898 681 944 quam
720 881 963 941 majorum
1001 880 1267 942 disciplina
1302 879 1489 926 milites
1524 879 1750 927 laborare

225 966 470 1027 coegisset„
547 964 680 1011 Nam
730 964 966 1022 Albinus,
1011 963 1137 1010 Auli
1185 963 1357 1009 fratris
1404 963 1752 1026 exercitusque

224 1048 363 1095 clade
396 1047 667 1110 perculsuS,
694 1052 955 1108 postquam
991 1045 1281 1092 decreverat
1313 1061 1412 1091 non
1445 1044 1614 1107 egredi
1645 1060 1753 1108 pro-

226 1131 405 1189 vincia,
440 1136 684 1194 quantum
718 1129 956 1192 temporis
989 1129 1291 1175 aestivorum
1326 1128 1379 1174 in
1413 1128 1621 1191 imperio
1653 1127 1754 1175 fuit

224 1215 516 1277 plerumque
550 1213 734 1259 milites
768 1212 966 1258 stativis
999 1212 1174 1258 castris
1207 1211 1437 1269 habebat,
1468 1211 1566 1258 nisi
1598 1227 1751 1274 quum

225 1296 343 1343 odos
367 1302 458 1342 aut
481 1295 653 1358 pabuli
677 1300 869 1357 egestas
893 1294 1056 1340 locum
1083 1299 1278 1340 mutare
1303 1293 1577 1355 subegerat.
1655 1291 1753 1340 Sed

224 1396 384 1442 neque
421 1379 778 1425 muniebantur
813 1393 885 1435 ea,
923 1393 1083 1439 neque
1127 1392 1261 1423 more
1302 1375 1512 1422 militari
1552 1375 1753 1438 vigiliae

224 1462 631 1520 deducebantur3
679 1459 756 1506 uti
799 1459 976 1521 cuique
1021 1458 1228 1505 lubebat
1265 1458 1328 1504 ab
1367 1457 1522 1519 signis
1563 1457 1747 1504 aberat.

226 1544 383 1591 Lixae
430 1542 670 1606 permixti
719 1558 831 1588 cum
879 1541 1126 1587 militibus
1174 1540 1253 1587 die
1304 1547 1555 1603 noctuque
1609 1556 1753 1603 vaga-

227 1629 424 1685 bantur,
465 1633 517 1673 et
554 1626 782 1689 palantes
820 1640 963 1687 agros
1002 1629 1215 1681 vastare,
1255 1623 1401 1670 villas
1448 1639 1751 1686 expugnare,

224 1710 415 1774 pecoris
439 1715 491 1756 et
514 1707 876 1770 mancipiorum
902 1706 1112 1769 praedas
1137 1711 1385 1753 certantes
1404 1722 1752 1770 agere3fflue

225 1794 420 1835 mutare
468 1804 580 1834 cum
636 1786 996 1833 mercatoribus
1051 1786 1170 1832 vino
1217 1784 1489 1832 advectitio
1535 1790 1589 1832 et
1642 1785 1754 1832 aliis

224 1871 410 1918 talibus
428 1888 440 1930 3
476 1875 734 1932 praeterea
758 1868 1069 1915 frumentum
1099 1869 1296 1932 publice
1321 1868 1495 1915 datum
1520 1868 1751 1926 vendere,

224 1970 404 2018 panem
446 1954 500 2000 in
537 1953 642 1999 dies
683 1952 891 1999 mercari
910 1970 921 2011 3
969 1958 1235 2015 postremo,
1273 1967 1613 2014 quaecumque
1653 1951 1754 1998 dici

225 2040 316 2082 aut
346 2034 468 2097 fingi
500 2038 693 2096 queunt
727 2033 956 2095 ignaviae
990 2033 1318 2096 luxuriaeque
1352 2033 1550 2096 probra,
1580 2032 1635 2079 in
1666 2033 1753 2080 illo

225 2118 450 2165 exercitu
476 2121 656 2163 cuncta
679 2115 835 2174 fuere,
862 2121 914 2162 et
938 2116 1037 2162 alia
1061 2115 1287 2178 amplius.

328 2201 493 2249 XLV.
570 2201 667 2248 Sed
691 2201 746 2247 in
769 2217 828 2247 ea
851 2199 1146 2247 difficultate
1171 2198 1436 2246 Metellum
1461 2214 1564 2245 non
1586 2198 1754 2246 minus

224 2301 374 2348 quam
398 2285 453 2331 in
477 2285 625 2331 rebus
649 2283 916 2330 hostilibus
940 2299 1177 2345 magnum
1202 2287 1255 2329 et
1286 2281 1562 2344 sapientem
1586 2281 1752 2328 virum

225 2371 378 2418 fuisse
408 2368 696 2432 comperior,
722 2366 868 2414 tanta
898 2358 1237 2429 temperantia]
1264 2365 1398 2412 inter
1428 2364 1752 2421 Qitionem

226 2452 583 2514 saevitiamque
607 2449 932 2497 moderatum.
998 2447 1231 2510 Namque
1250 2446 1414 2494 edicto
1432 2446 1652 2509 primum
1670 2445 1752 2493 ad·

219 2534 450 2597 jumenta
480 2531 710 2595 ignaviae
744 2530 1019 2588 sustulisse,
1054 2534 1156 2576 “ne
1188 2528 1452 2591 quisquam
1487 2526 1543 2574 in
1574 2527 1752 2574 castris

226 2630 420 2678 panem,
450 2619 541 2660 aut
575 2629 722 2676 quem
758 2612 913 2660 alium
950 2616 1146 2658 coctum
1183 2611 1349 2657 cibum
1381 2609 1624 2657 venderet
1637 2626 1652 2670 3
1686 2625 1750 2657 ne

226 2696 357 2743 lixae
376 2696 652 2744 exercitum
671 2700 999 2759 sequerentur
1009 2712 1021 2755 3
1047 2710 1110 2742 ne
1135 2694 1278 2741 miles
1300 2692 1556 2757 gregarius
1578 2692 1634 2739 in
1651 2708 1751 2740 cas-

226 2777 318 2824 tris
349 2793 474 2824 neve
506 2777 561 2823 in
593 2777 789 2840 agmine
821 2793 1021 2824 servum
1054 2780 1144 2823 aut
1165 2775 1453 2838 jumentum
1477 2773 1749 2821 haberet:''
