1875 3133
429 116 606 165 SALL
619 115 820 165 USTIJ
861 116 1272 166 JUGURTHA.
1573 117 1634 165 81

76 227 256 289 mittit,
294 227 493 293 “quam
529 229 752 294 primum
789 229 845 276 in
881 228 1183 277 Numidiam
1221 229 1390 293 copias
1427 228 1640 277 adduce-

76 318 158 361 ret
172 330 186 374 3
215 313 397 377 proelii
421 313 645 361 faciendi
670 319 872 378 tempus
898 313 1116 362 adesse.''
1189 314 1353 373 Quem
1379 314 1469 361 ubi
1494 331 1641 361 cunc-

77 397 178 445 tari
226 398 424 461 accepit
471 403 524 446 et
572 398 787 446 dubium
837 399 959 446 belli
1008 405 1162 464 atque
1219 399 1358 464 pacis
1414 399 1640 447 rationes

77 482 294 543 trahere,
335 500 527 543 rursus,
567 484 646 531 uti
689 489 854 544 antea,
894 484 1153 547 proximos
1196 484 1306 547 ejus
1349 483 1496 531 donis
1540 499 1642 531 cor-

76 567 286 631 rumpit,
324 567 524 632 ipsique
567 567 753 616 Mauro
801 568 1072 632 pollicetur
1115 568 1394 616 Numidiae
1441 573 1640 632 partem

77 651 300 711 tertiam,
341 651 383 699 si
432 656 525 699 aut
561 651 785 699 Romani
822 651 1006 700 Africa
1043 653 1259 716 expulsi,
1299 658 1392 700 aut
1427 652 1641 716 integris

78 735 183 782 suis
223 735 413 783 finibus
455 735 646 783 bellum
691 736 1028 800 compositum
1071 736 1218 784 foret.
1296 736 1373 784 Eo
1415 736 1642 800 praemio

77 819 278 867 illectus
313 820 546 868 Bocchus
584 838 699 868 cum
736 838 922 884 magna
957 821 1292 869 multitudine
1325 820 1641 885 ,Iugurtham

77 903 284 951 accedit.
364 903 450 952 Ita
498 905 763 952 amborum
807 905 1037 952 exercitu
1080 905 1353 969 conjuncto
1397 905 1675 964 Marium„

72 988 180 1051 jam
217 988 272 1035 in
302 987 524 1036 hiberna
559 989 979 1053 proficiscentem,
1016 989 1108 1036 vix
1145 989 1341 1036 decima
1377 995 1523 1053 parte
1561 989 1643 1037 die

78 1072 289 1136 reliqua,
328 1072 599 1133 invadunt,
637 1073 739 1120 rati
781 1079 998 1132 noctem,
1044 1089 1174 1137 quae
1211 1073 1317 1135 jam
1359 1072 1551 1132 aderat,
1592 1078 1644 1120 et

78 1157 231 1205 victis
270 1157 368 1205 sibi
406 1157 726 1204 munimento
764 1156 889 1216 fore,
929 1162 981 1204 et
1017 1156 1060 1203 si
1096 1156 1342 1204 vicissent
1377 1156 1519 1203 nullo
1555 1156 1645 1203 im-

79 1242 388 1307 pedimento,
428 1242 548 1305 quia
584 1241 811 1289 locorum
849 1242 1066 1289 scientes
1104 1247 1252 1289 erant
1268 1258 1281 1302 3
1326 1247 1504 1289 contra
1544 1241 1645 1288 Ro-

78 1327 244 1375 manis
277 1332 554 1390 utrumque
589 1343 761 1374 casum
798 1326 854 1373 in
890 1326 1116 1374 tenebris
1149 1326 1484 1374 difficiliorem
1518 1325 1640 1375 fore.

80 1412 250 1476 Igitur
275 1411 428 1459 simul
454 1411 631 1458 consul
656 1427 720 1458 ex
745 1411 923 1458 multis
948 1410 1010 1458 de
1035 1410 1261 1458 hostium
1287 1410 1515 1459 adventu
1538 1427 1646 1475 cog-

79 1496 240 1556 novit,
269 1502 322 1543 et
354 1495 453 1559 ipsi
485 1495 657 1543 hostes
687 1495 904 1544 aderant
920 1513 932 1556 3
971 1501 1038 1556 et,
1065 1497 1363 1560 priusquam
1390 1496 1645 1544 exercitus

79 1586 172 1630 aut
206 1581 411 1641 instrui,
438 1586 530 1629 aut
567 1581 792 1629 sarcinas
830 1582 1081 1645 colligere,
1111 1581 1331 1645 denique
1368 1587 1643 1646 antequam

81 1667 283 1730 signum
321 1670 414 1713 aut
448 1665 721 1729 imperium
758 1665 921 1712 ullum
960 1666 1188 1729 accipere
1225 1666 1408 1730 quivit,
1448 1665 1644 1730 equites

81 1750 257 1798 Mauri
283 1756 437 1814 atque
458 1749 681 1809 Gaetuli,
699 1766 803 1797 non
829 1750 936 1797 acie
961 1767 1126 1814 neque
1152 1750 1257 1798 ullo
1282 1767 1421 1798 more
1446 1750 1642 1814 proelii,

81 1835 170 1883 sed
195 1834 512 1905 cater‘vatim,
540 1833 620 1881 uti
645 1850 870 1897 quosque
896 1833 1001 1880 fors
1028 1833 1435 1897 conglobaverat,
1456 1834 1512 1881 in
1536 1851 1646 1882 nos-

82 1926 188 1967 tros
226 1923 539 1967 concurrunt
554 1936 567 1979 3
611 1917 699 1981 qui
736 1933 911 1964 omnes
947 1917 1137 1981 trepidi
1173 1917 1449 1981 improviso
1486 1923 1643 1976 metu,

82 2020 141 2051 ac
176 2009 351 2051 tamen
386 2002 598 2050 virtutis
634 2018 897 2061 memoreS,
930 2007 1023 2049 aut
1058 2019 1200 2049 arma
1237 2002 1522 2066 capiebant,
1555 2008 1646 2049 aut

84 2088 342 2153 capientes
381 2088 507 2135 alios
545 2087 610 2135 ab
651 2086 885 2134 hostibus
925 2086 1264 2134 defensabant
1279 2104 1292 2147 3
1335 2104 1453 2151 pars
1492 2103 1646 2151 equos

83 2173 366 2234 escendere,
398 2172 601 2221 obviam
635 2171 710 2219 ire
742 2171 1006 2232 hostibus3
1043 2187 1216 2234 pugna
1244 2170 1512 2218 latrocinio
1546 2188 1647 2218 ma-

82 2258 160 2322 gis
195 2274 348 2322 quam
383 2257 576 2321 proelio
613 2255 793 2304 similis
829 2255 940 2303 fieri
956 2272 970 2316 3
1014 2255 1123 2302 sine
1160 2255 1332 2318 signiS,
1372 2255 1480 2302 sine
1518 2254 1647 2302 ordi-

83 2343 250 2402 nibus,
277 2341 474 2405 equites
505 2340 704 2406 pedites
732 2340 978 2405 permixti
1012 2339 1219 2387 caedere
1245 2339 1385 2398 aliOS,
1413 2339 1539 2386 alios
1564 2339 1647 2386 ob-

82 2434 338 2486 truncare,
364 2426 568 2486 multos,
596 2430 774 2473 contra
799 2424 1038 2472 adversos
1067 2423 1309 2471 acerrime
1341 2428 1644 2486 pugnantes,

20 2508 25 2514 ’
84 2512 148 2560 ab
173 2516 316 2574 tergo
342 2510 710 2557 circumvenire
727 2527 741 2571 3
777 2526 942 2574 neque
967 2509 1135 2555 virtus
1159 2500 1324 2571 neque
1349 2524 1492 2554 arma
1521 2507 1646 2554 satis

84 2601 269 2659 tegere,
296 2593 432 2657 quod
464 2592 636 2641 hostes
660 2610 873 2641 numero
898 2593 1070 2657 plures
1102 2596 1153 2639 et
1184 2590 1411 2654 undique
1437 2591 1647 2638 circum-

83 2679 188 2728 fusi
203 2696 217 2740 3
266 2677 486 2741 denique
536 2677 760 2725 Romani
807 2683 1006 2725 veteres
1057 2671 1337 2743 [novique],
1379 2679 1432 2722 et
1479 2674 1543 2722 ob
1587 2691 1645 2722 ea

84 2763 303 2811 scientes
349 2761 486 2821 belli,
531 2761 574 2809 51
617 2778 742 2826 quos
784 2762 926 2810 locus
959 2766 1060 2833 ‘aut
1102 2776 1247 2807 casus
1291 2758 1644 2822 conjunxerat,

225 2874 339 2909 πο.
1476 2857 1508 2906 6
