1875 3117
205 97 268 144 64
559 95 941 144 SALLUSTJI
985 96 1383 145 JUGURTHA.

202 206 478 254 communis
521 207 781 270 utriusque
823 208 996 270 populi
1032 208 1146 254 finis
1181 207 1494 257 haberetur.''
1565 209 1732 274 Igitur

202 289 506 352 Carthagine
530 289 629 336 duo
654 290 836 336 fratres
860 290 1014 349 missi,
1041 291 1222 353 quibus
1257 307 1440 338 nomen
1475 290 1732 340 Philaenis

201 377 324 431 erat,
345 378 661 419 maturavere
680 372 778 418 iter
793 388 1018 435 pergere:
1059 373 1368 435 Cyrenenses
1393 373 1589 421 tardius
1611 374 1724 422 iere.

204 456 265 503 Id
290 455 576 502 secordianc
602 472 667 502 an
707 471 824 502 casu
866 455 1130 514 accideret,
1148 472 1325 518 parum
1347 456 1568 518 cognovi.
1644 456 1730 504 Ce-

203 545 365 585 terum
406 538 532 584 solet
565 537 618 584 in
656 537 756 584 illis
793 537 913 584 locis
950 543 1220 606 tempestas
1246 537 1379 585 haud
1405 554 1546 585 secus
1582 544 1731 602 atque

201 621 254 666 in
279 620 406 666 mari
430 620 656 666 retinere.
735 619 868 666 Nam
907 620 993 666 ubi
1023 636 1112 682 per
1136 620 1243 666 loca
1267 620 1496 684 aequalia
1520 626 1572 667 et
1595 620 1734 668 nuda

200 703 513 765 gignentium
539 709 722 749 ventus
747 708 946 749 coortus
971 718 1174 749 arenam
1211 701 1364 749 humo
1389 702 1647 761 excitavit,
1674 719 1732 749 ea

202 803 381 848 magna
428 785 480 832 vi
526 786 717 847 agitata
764 801 851 831 ora
897 785 1163 848 oculosque
1210 785 1417 847 implere
1453 785 1613 845 solet;
1660 785 1734 832 ita

200 875 465 933 prospectu
490 868 731 931 impedito
747 868 930 914 morari
950 868 1057 914 iter.
1134 867 1407 930 Postquam
1424 867 1733 930 Cyrenenses

200 953 459 1016 aliquanto
488 951 785 1014 posteriores
822 967 873 997 se
899 950 1089 1008 vident,
1117 956 1170 996 et
1204 950 1268 997 ob
1304 966 1407 996 rem
1446 954 1730 1012 corruptam

200 1036 335 1082 domi
359 1051 544 1098 poenas
569 1039 818 1091 metuunt,
846 1033 1101 1079 criminari
1139 1031 1578 1094 Carthaginienses
1614 1037 1732 1078 ante

201 1125 399 1181 tempus
437 1117 584 1164 domo
625 1116 870 1178 digressos
907 1116 1206 1162 conturbare
1236 1132 1356 1173 rem,
1383 1114 1598 1178 denique
1634 1130 1733 1161 om-

200 1200 285 1247 nia
309 1200 472 1258 malle,
499 1216 647 1262 quam
674 1199 796 1245 victi
833 1198 982 1245 abire.
1060 1198 1172 1256 Sed,
1200 1214 1353 1261 quum
1392 1196 1550 1244 Poeni
1581 1196 1731 1243 aliam

202 1282 558 1340 condicionem,
609 1281 957 1328 tantummodo
999 1297 1224 1344 aequam,
1266 1285 1512 1344 peterent,
1553 1279 1733 1327 Graeci

201 1364 454 1428 optionem
492 1364 990 1427 Carthaginiensibus
1027 1363 1237 1422 faciunt,
1266 1369 1364 1409 “ut
1387 1363 1468 1410 vel
1492 1363 1582 1422 illi,
1609 1378 1733 1426 quos

200 1448 325 1494 fines
362 1447 547 1510 populo
589 1463 679 1493 suo
721 1453 966 1510 peterent,
1003 1446 1073 1493 ibi
1112 1447 1215 1492 vivi
1251 1447 1614 1506 obruerentur5
1653 1446 1733 1492 vel

200 1529 372 1577 cadem
422 1530 711 1577 condicione
759 1546 864 1576 sese
912 1546 1058 1592 quern
1096 1529 1150 1576 in
1186 1529 1348 1576 locum
1392 1529 1582 1576 vellent
1625 1545 1734 1592 pro-

201 1613 466 1660 cessuros.''
539 1613 770 1660 Philaeni
803 1613 1092 1660 condicione
1125 1614 1350 1676 probata,
1378 1629 1528 1676 seque
1558 1613 1734 1660 vitam-

200 1712 295 1758 que
338 1696 640 1759 reipublicae
679 1696 1054 1744 condonavere:
1098 1697 1172 1744 ita
1213 1697 1319 1743 vivi
1361 1697 1541 1744 obruti.
1619 1696 1733 1744 Car-

201 1779 540 1841 thaginienses
563 1779 617 1826 in
642 1796 699 1826 eo
724 1780 831 1827 loco
857 1780 1114 1827 Philaenis
1150 1780 1396 1827 fratribus
1431 1797 1544 1827 aras
1568 1796 1733 1828 conse-

201 1877 401 1908 cravere
419 1879 432 1922 3
469 1862 654 1925 aliique
696 1862 797 1909 illis
839 1862 975 1909 domi
1015 1862 1228 1910 honores
1266 1863 1503 1910 instituti.
1579 1862 1733 1910 Nunc

200 1942 264 1990 ad
288 1959 392 1990 rem
418 1943 577 1990 redeo.

302 2024 526 2072 LXXX.
600 2026 636 2073 J
642 2026 860 2089 ugurtha
894 2032 1158 2090 postquam
1194 2027 1377 2075 amissa
1412 2026 1570 2074 Thala
1604 2027 1733 2074 nihil

200 2108 323 2155 satis
346 2107 546 2154 firmum
573 2114 748 2175 contra
785 2108 1052 2156 Metellum
1087 2114 1252 2172 putat,
1277 2124 1368 2172 per
1391 2125 1598 2171 magnas
1623 2108 1735 2156 soli-

200 2191 402 2238 tudines
444 2208 557 2237 cum
592 2191 767 2254 paucis
802 2191 1058 2255 profectus
1095 2192 1330 2258 pervenit
1365 2191 1430 2239 ad
1472 2191 1729 2251 Gaetulos,

199 2290 356 2336 genus
397 2273 657 2320 hominum
698 2273 862 2320 ferum
909 2274 1258 2337 incultumque
1304 2278 1357 2321 et
1403 2290 1461 2322 eo
1508 2290 1732 2339 tempore

199 2357 431 2419 ignarum
465 2356 684 2403 nominis
727 2356 958 2404 Romani.
1033 2357 1223 2404 Eorum
1261 2357 1637 2406 multitudinem
1676 2359 1733 2406 in

201 2456 357 2486 unum
397 2439 544 2502 cogit,
587 2456 644 2486 ac
680 2439 945 2503 paullatim
975 2439 1284 2487 consuefacit
1307 2439 1508 2488 ordines
1530 2440 1730 2499 habere,

200 2521 342 2584 signa
382 2522 538 2585 sequi,
575 2521 844 2585 imperium
879 2522 1160 2582 observare,
1197 2523 1321 2570 item
1356 2523 1457 2571 alia
1490 2523 1732 2571 militaria

200 2602 377 2650 facere.
451 2603 720 2651 Praeterea
743 2604 874 2668 regis
898 2603 1086 2652 Bocchi
1108 2605 1363 2668 proximos
1397 2605 1593 2669 magnis
1626 2621 1731 2653 mu-

199 2686 404 2734 neribus
440 2691 493 2734 et
525 2687 800 2750 majoribus
835 2687 1092 2751 promissis
1127 2686 1193 2735 ad
1239 2687 1465 2736 studium
1510 2687 1591 2735 sui
1622 2703 1732 2752 per·

200 2767 344 2817 ducit
355 2786 372 2831 3
407 2769 548 2834 queis
572 2769 887 2833 adjutoribus
911 2786 1078 2834 regem
1114 2787 1375 2835 aggressus
1397 2771 1628 2835 impellit,
1653 2773 1732 2836 uti⁴
