1875 3133
482 127 871 177 SALLUSTII
912 127 1313 176 JUGURTHA.
1602 130 1662 178 47

227 237 337 284 LV.
414 236 632 284 Interim
659 237 852 286 Romae
877 238 1118 302 gaudium
1154 239 1332 302 ingens
1368 244 1535 287 ortum
1561 256 1667 304 cog-

124 319 246 366 nitis
271 319 472 366 Metelli
495 320 646 367 rebus
663 337 676 381 3
714 325 775 367 ut
798 337 949 384 seque
975 326 1027 368 et
1050 321 1330 368 exercitum
1355 339 1493 370 more
1518 324 1668 387 majo-

123 419 237 450 rum
277 408 488 466 gereret,
527 403 583 450 in
621 391 833 451 adGerso
881 405 1005 464 loco,
1049 406 1215 453 victor
1261 411 1434 454 tamen
1475 407 1667 456 virtute

122 485 318 546 fuisset,
361 486 584 533 hostium
623 503 742 550 agro
783 488 1050 551 potiretur,
1090 489 1402 552 Jugurtham
1445 492 1668 555 magnifi-

125 584 238 615 cum
265 585 329 616 ex
353 569 482 616 Auh‘
516 570 741 618 secordia
777 588 916 635 spem
959 572 1139 620 salutis
1177 573 1232 620 in
1269 574 1542 623 solitudine
1578 584 1669 624 aut

124 651 246 715 fuga
284 652 525 715 coegisset
564 652 760 701 habere.
839 654 1022 718 Itaque
1049 661 1255 704 senatus
1280 658 1343 705 ob
1369 675 1427 706 ea
1451 659 1670 709 feliciter

123 740 237 781 acta
283 734 361 782 dis
419 735 790 783 immortalibus
849 737 1097 800 supplicia
1155 738 1437 800 decernere,
1488 742 1669 790 civitas

128 817 321 881 trepida
356 823 507 865 antea
542 824 596 866 et
630 819 847 866 sollicita
876 820 938 867 de
979 821 1096 868 belli
1133 828 1321 870 eventu
1346 824 1480 872 laeta
1505 842 1665 889 agere,

123 902 185 950 de
223 902 434 950 Metello
476 903 613 950 fama
650 905 909 968 praeclara
951 923 1068 954 esse.
1146 907 1316 970 Igitur
1341 925 1397 956 eo
1423 910 1669 957 intentior

123 986 187 1034 ad
222 987 488 1034 victoriam
524 988 638 1048 niti,
677 989 911 1037 omnibus
958 990 1121 1038 modis
1169 991 1411 1039 festinare
1429 1010 1442 1053 3
1492 1010 1668 1042 cavere

123 1077 308 1130 tamen,
334 1072 517 1118 necubi
541 1071 676 1119 hosti
700 1079 1015 1136 opportunus
1040 1074 1197 1134 fieret,
1225 1076 1526 1137 meminisse,
1553 1084 1669 1141 post

122 1153 333 1216 gloriam
376 1153 623 1201 invidiam
660 1155 813 1218 sequi.
891 1155 991 1215 Ita,
1036 1173 1135 1220 quo
1179 1159 1374 1218 clarior,
1414 1176 1472 1207 eo
1508 1161 1668 1224 magis

104 1235 308 1303 animi„
335 1236 519 1284 anxius
572 1241 696 1297 erat,
746 1254 909 1301 neque
957 1245 1074 1303 post
1120 1241 1330 1290 insidias
1378 1243 1667 1307 «Iugurthae

121 1323 278 1370 effuso
303 1322 530 1370 exercitu
553 1322 809 1386 praedari3
846 1323 934 1371 ubi
953 1324 1210 1373 frumento
1230 1332 1322 1374 aut
1335 1328 1522 1391 pabulo
1542 1345 1667 1392 opus

121 1412 244 1466 erat,
263 1406 492 1454 cohortes
512 1423 626 1453 cum
643 1408 781 1454 omni
801 1409 1034 1472 equitatu
1049 1412 1358 1474 praesidium
1379 1413 1666 1476 agitabant,

121 1480 373 1536 exercitiis
397 1494 594 1553 partem
619 1490 741 1553 ipse,
767 1491 988 1555 reliquos
1025 1493 1223 1542 Marius
1261 1496 1488 1544 ducebat.
1568 1498 1666 1546 Sed

120 1572 227 1636 igni
266 1573 440 1636 magis,
479 1589 630 1636 quam
668 1574 870 1637 praeda,
909 1592 1027 1639 ager
1064 1579 1374 1627 vastabatur.
1452 1580 1666 1629 Duobus

121 1657 242 1704 locis
289 1656 427 1704 haud
474 1658 621 1721 longe
662 1659 797 1706 inter
835 1677 887 1708 se
926 1667 1091 1710 castra
1139 1663 1395 1712 faciebant
1410 1684 1423 1727 ,·
1491 1669 1574 1715 ubi
1612 1671 1665 1717 vi

121 1758 245 1805 opus
281 1747 405 1801 erat,
444 1742 615 1789 cuncti
651 1742 893 1805 aderant,
943 1751 1180 1806 ceterum,
1220 1765 1318 1812 quo
1355 1749 1476 1813 fuga
1513 1757 1664 1816 atque

120 1825 336 1874 formido
361 1826 515 1873 latius
541 1832 799 1887 cresceret,
821 1827 1008 1876 diversi
1033 1831 1260 1893 agebant.
1339 1832 1415 1880 Eo
1440 1839 1664 1899 tempore

120 1909 157 1958 J
161 1910 380 1973 ugurtha
415 1927 505 1974 per
541 1911 691 1958 colles
728 1912 884 1975 sequi,
911 1918 1112 1977 tempus
1137 1921 1228 1962 aut
1263 1916 1428 1964 locum
1464 1935 1663 1982 pugnae

121 1977 385 2060 quaerere*¹
419 2011 520 2058 qua
568 2000 842 2043 venturum
896 1996 1092 2045 hostem
1136 1998 1381 2059 audierat,
1419 2003 1661 2065 pabulum

121 2082 173 2124 et
196 2094 440 2141 aquarum
465 2078 648 2138 fontes,
675 2096 889 2143 quorum
926 2083 1139 2145 penuria
1176 2089 1299 2143 erat,
1328 2101 1660 2150 corrumpere,

121 2159 268 2207 modo
309 2177 361 2208 se
403 2161 628 2221 Metello,
669 2163 926 2226 interdum
967 2165 1134 2213 Mario
1171 2167 1448 2228 ostendere,
1474 2176 1662 2232 postre-

119 2230 227 2289 mos
257 2229 323 2290 ‘in
358 2245 556 2307 agmine
592 2251 806 2306 tentare,
844 2264 902 2295 ac
939 2249 1112 2295 statim
1155 2249 1209 2296 in
1249 2251 1398 2298 colles
1433 2253 1659 2315 regredi,

120 2343 294 2374 rursus
330 2327 457 2387 aliis,
500 2333 616 2392 post
655 2329 768 2377 aliis
809 2330 1052 2390 minitari,
1097 2349 1259 2396 neque
1300 2335 1547 2396 proelium
1590 2336 1660 2384 fa-

121 2424 246 2467 cere,
288 2424 451 2472 neque
498 2410 658 2457 otium
699 2411 823 2474 pati,
867 2413 1220 2461 tantummodo
1256 2414 1451 2463 hostem
1488 2418 1552 2465 ab
1588 2418 1661 2466 in-

121 2496 265 2554 cepto
288 2490 517 2538 retinere.

223 2573 365 2620 LVI.
443 2573 704 2623 Romanus
740 2576 1016 2640 imperator
1064 2578 1152 2625 ubi
1189 2595 1239 2626 se
1277 2579 1404 2628 dolis
1453 2581 1657 2647 fatigari

120 2656 275 2715 videt,
315 2672 477 2719 neque
513 2657 576 2703 ab
612 2657 754 2706 hoste
792 2661 985 2723 copiam
1022 2661 1283 2724 pugnandi
1319 2663 1442 2723 fieri,
1482 2667 1656 2715 urbem

120 2756 352 2803 magnam
390 2744 442 2785 et
476 2738 531 2785 in
572 2755 631 2786 ea
664 2747 824 2803 parte,
863 2759 962 2806 qua
999 2744 1096 2790 sita
1133 2750 1256 2803 erat,
1295 2762 1459 2794 arcem
1497 2751 1654 2812 regni,

121 2823 321 2870 nomine
348 2822 568 2882 Zamam,
596 2825 778 2872 statuit
802 2842 1120 2889 oppugnare5
1158 2833 1313 2888 ratus,
1340 2829 1392 2877 id
1418 2831 1550 2894 quod
1575 2849 1655 2879 ne-
