1875 3117
204 81 267 128 88
550 80 933 130 SALLUSTII
974 82 1372 132 JUGURTHA.

202 191 338 239 sule:
382 192 574 239 interea
610 192 839 239 induciae
876 192 1272 256 postulabantur.
1349 194 1425 242 Ea
1466 194 1635 244 Sullae
1674 203 1728 245 et

203 276 451 339 plerisque
484 278 743 340 placuere:
782 277 928 339 pauci
964 277 1180 324 ferocius
1212 277 1504 336 decernunt,
1537 278 1728 327 scilicet

203 359 365 422 ignari
394 359 724 405 humanarum
752 375 934 418 rorum,
960 376 1086 422 quae
1112 360 1276 407 fluxae
1301 365 1354 406 et
1376 359 1583 408 mobiles
1607 376 1728 408 sem-

204 458 294 505 per
318 442 370 488 in
397 442 607 488 adversa
633 448 908 489 mutantur.
974 442 1207 489 Ceterum
1235 442 1422 500 Mauri,
1447 442 1729 505 impetratis

204 522 434 568 omnibus
459 522 620 579 rebus,
648 527 749 567 tres
776 521 988 568 Romam
1019 522 1230 585 profecti
1260 539 1372 570 cum
1399 522 1486 570 Cn.
1516 521 1730 570 Octavio

205 600 357 659 Rufo,
379 601 464 664 qui
490 610 723 664 quaestor
747 603 1051 665 stipendium
1078 604 1130 650 in
1156 604 1384 651 Africam
1409 609 1700 667 portaverat
1715 621 1729 663 ;

203 683 302 730 duo
327 684 389 731 ad
415 701 578 746 regem
607 685 830 732 redeunt.
902 686 980 733 Ex
1006 686 1084 733 1115
1109 687 1352 745 Bocchus,
1368 704 1522 750 quum
1547 693 1728 746 cetera,

204 771 310 812 tum
348 768 565 813 maxime
601 768 962 829 benignitatvm
997 775 1049 815 et
1081 769 1304 816 studium
1337 769 1522 828 Sullae,
1552 769 1730 817 lubens

202 850 405 912 accepit.
484 850 674 898 Romae
700 851 875 913 legatis
900 853 1022 914 ejus,
1049 859 1312 916 postquam
1342 869 1531 900 errasse
1563 869 1727 915 regem

203 939 255 980 et
283 933 317 980 J
325 933 568 995 ugurthae
593 934 775 980 scelere
801 935 993 997 lapsum
1019 935 1272 998 deprecati
1297 942 1431 994 sunt,
1456 935 1728 982 amicitiam

203 1023 255 1062 et
278 1015 454 1062 foedus
478 1017 767 1078 petentibus
792 1016 883 1063 hoc
909 1016 1054 1063 modo
1080 1017 1436 1080 respondetur:
1470 1015 1731 1064 “Senatus

203 1104 255 1144 et
286 1098 501 1161 populus
537 1098 795 1145 Romanus
828 1100 1056 1146 beneficii
1089 1106 1142 1146 et
1174 1100 1387 1162 injuriae
1412 1115 1602 1147 memor
1625 1115 1731 1146 esse

203 1181 356 1228 solet:
419 1188 637 1228 ceterum
700 1182 910 1239 Boccho,
964 1183 1200 1245 quoniam
1259 1183 1499 1246 poenitet,
1559 1182 1731 1231 delicti

201 1263 413 1325 gratiam
448 1262 599 1310 facit:
638 1263 814 1310 foedus
847 1270 899 1310 ct
931 1265 1153 1311 amicitia
1184 1264 1457 1323 dabuntur,
1483 1281 1597 1312 cum
1629 1280 1730 1312 me-

203 1346 405 1394 ruerit.'’

306 1429 411 1477 CV.
488 1429 641 1486 Queis
674 1429 821 1476 rebus
855 1430 1066 1492 cognitis
1098 1430 1325 1478 Bocchus
1357 1448 1446 1494 per
1478 1431 1674 1479 litteras
1702 1448 1733 1479 a

203 1511 368 1560 Mario
399 1513 596 1575 petivit,
624 1513 700 1559 uti
734 1513 924 1560 Sullam
958 1514 1022 1561 ad
1056 1532 1106 1562 se
1139 1516 1394 1574 mitteret;
1431 1515 1574 1577 cujus
1606 1514 1733 1561 arbi-

203 1603 341 1644 tratu
366 1597 426 1644 de
447 1598 793 1644 communibus
818 1598 1031 1660 negotiis
1055 1597 1409 1644 consuleretur.
1474 1596 1529 1644 Is
1551 1596 1733 1644 missus

203 1696 314 1726 cum
357 1679 604 1742 praesidio
646 1680 872 1743 equitum
915 1686 1065 1742 atque
1107 1679 1350 1743 peditum,
1393 1679 1515 1727 item
1562 1677 1731 1726 fundi-

203 1769 367 1808 torum
406 1762 724 1822 Balearium;
760 1768 1018 1825 praeterea
1053 1762 1317 1825 sagittarii,
1348 1767 1400 1809 et
1434 1761 1611 1809 cohors
1643 1760 1733 1809 Pe.-

203 1843 338 1906 ligna
358 1859 470 1889 cum
490 1843 784 1890 velitaribus
810 1845 976 1902 armis,
998 1844 1194 1891 itineris
1217 1843 1518 1907 properandi
1541 1859 1730 1901 caussa,

203 1941 364 1988 neque
396 1925 474 1971 his
508 1942 648 1972 secus
676 1932 827 1989 atque
861 1927 973 1973 aliis
1006 1927 1158 1974 armis
1190 1926 1456 1974 adversum
1489 1925 1592 1973 tela
1625 1925 1733 1972 hos-

203 2007 348 2065 tium,
389 2007 521 2070 quod
563 2023 621 2054 ea
663 2008 795 2054 levia
837 2014 971 2066 sunt,
1014 2008 1211 2055 muniti.
1288 2007 1386 2054 Sed
1433 2007 1488 2054 in
1534 2006 1731 2064 itinere,

203 2089 381 2153 quinto
423 2089 637 2152 denique
676 2089 772 2147 die,
815 2090 989 2137 Volux
1030 2090 1163 2137 filius
1205 2089 1392 2137 Bocchi
1433 2095 1638 2153 repente
1678 2089 1734 2136 in

204 2174 391 2237 campis
426 2174 718 2237 patentibus
755 2191 868 2220 cum
904 2175 1042 2221 mille
1080 2191 1182 2221 non
1222 2174 1438 2237 amplius
1479 2173 1735 2236 equitibus

204 2273 308 2304 sese
334 2256 584 2317 ostendit3
620 2257 708 2320 qui
740 2262 926 2304 temere
951 2262 1004 2303 et
1032 2257 1186 2303 effuse
1209 2262 1387 2303 euntes
1411 2254 1581 2302 Sullae
1604 2254 1735 2302 aliis-

204 2355 299 2402 que
324 2339 556 2386 omnibus
579 2344 631 2386 et
659 2355 925 2385 numerum
950 2339 1248 2402 ampliorum
1275 2353 1394 2384 vero
1417 2342 1470 2384 et
1501 2336 1734 2384 hostilem

203 2426 393 2468 metum
419 2421 709 2469 efficiebant
769 2421 938 2484 Igitur
961 2437 1066 2468 sese
1091 2421 1301 2485 quisque
1324 2421 1576 2485 expedire,
1595 2437 1735 2474 arma

204 2507 355 2565 atque
391 2502 493 2549 tela
528 2507 740 2561 tentare,
783 2501 1075 2555 intendere:
1124 2502 1277 2549 timor
1317 2503 1609 2566 aliquantus
1647 2501 1735 2550 sed

205 2601 316 2648 spes
339 2585 566 2647 amplior,
593 2585 777 2648 quippe
802 2585 1092 2643 victoribus,
1118 2590 1171 2632 et
1198 2584 1464 2632 adversum
1488 2602 1587 2644 eos,
1611 2601 1736 2648 quos

205 2681 351 2728 saepe
399 2666 637 2712 vicerant.
714 2666 930 2714 Interim
978 2666 1187 2729 equiteS,
1237 2667 1553 2730 exploratum
1598 2681 1737 2730 prae-

204 2748 360 2807 1111551,
386 2764 506 2808 rem,
535 2749 612 2806 uti
637 2755 760 2809 erat,
786 2749 1009 2813 quietam
1032 2750 1291 2798 nunciant.
