1875 3133
537 89 925 139 SALLUSTII
966 90 1368 141 JUGURTHA.
1655 98 1714 145 41

175 202 422 267 cognitus,
462 202 620 250 animi
666 202 988 266 popularium
1036 203 1224 252 tentati
1239 221 1254 266 3
1302 210 1506 252 coactus
1552 222 1719 254 rerum

174 285 544 334 necessitudine
578 286 763 333 statuit
793 286 946 334 armis
980 293 1184 336 certare.
1262 288 1430 352 Igitur
1460 290 1720 353 explorato

174 368 395 416 hostium
428 368 610 415 itinere
642 368 698 415 in
730 385 868 432 spem
901 370 1143 419 victoriae
1176 371 1426 420 adductus
1459 389 1523 420 ex
1548 390 1720 438 oppor-

172 452 397 500 tunitate
444 452 541 499 loci
588 469 739 516 quam
781 453 1029 502 maximas
1073 457 1240 520 copias
1281 462 1452 520 potest
1492 459 1717 505 omnium

172 552 412 599 generum
460 541 622 599 parat,
663 552 721 583 ac
768 553 858 599 per
900 539 1129 587 tramites
1173 541 1396 589 occultos
1438 543 1718 590 exercitum

174 618 375 666 Metelli
399 619 672 665 antevenit.
751 619 880 667 Erat
907 621 962 667 in
987 638 1045 669 ea
1069 628 1213 686 parte
1246 623 1538 686 Numidiae,
1566 642 1719 689 quam

173 702 436 750 Adherbal
483 702 538 749 in
585 702 832 751 divisione
881 705 1187 768 possederat,
1238 708 1428 756 fiumen
1476 711 1642 758 oriens
1691 728 1720 758 a

170 785 396 845 meridie,
439 786 642 833 nomine
681 786 891 834 Muthul
910 806 922 849 3
960 805 990 836 a.
1026 806 1124 853 quo
1162 791 1338 840 aberat
1378 809 1523 840 mons
1562 793 1720 843 ferme

170 868 332 916 millia
368 886 608 933 passuum
649 887 752 930 xx„
780 877 949 919 tractu
982 873 1108 936 pari,
1136 880 1312 923 vastus
1348 877 1412 924 ab
1448 883 1634 926 natura
1669 885 1719 926 et

170 951 392 1000 humano
418 953 589 1001 cultu:
628 954 715 1001 sed
741 971 804 1002 ex
829 971 886 1002 eo
912 955 1078 1003 medio
1103 948 1287 1020 quis?
1276 958 1417 1006 collis
1443 960 1717 1020 oriebatur,

170 1034 225 1081 in
248 1034 550 1082 immensum
576 1036 884 1099 pertingens,
912 1037 1130 1085 vestitus
1161 1039 1377 1088 oleastro
1403 1058 1460 1089 ac
1485 1044 1719 1106 myrtetis

170 1117 382 1181 aliisque
418 1118 685 1181 generibus
722 1119 974 1178 arborum,
1014 1137 1142 1183 quae
1184 1121 1328 1170 humi
1377 1125 1518 1172 arido
1567 1132 1719 1190 atque

169 1216 380 1248 arenoso
420 1200 712 1264 gignuntur.
789 1200 964 1249 Media
1013 1209 1183 1251 autem
1232 1206 1472 1269 planities
1521 1208 1720 1257 deserta

168 1276 383 1347 penuria
430 1300 605 1347 aquae,
655 1289 856 1347 praeter
903 1285 1103 1333 flumini
1142 1289 1428 1354 propinqua
1467 1291 1605 1340 loca:
1661 1310 1719 1341 ea

169 1366 364 1414 consita
400 1367 636 1426 arbustiS,
673 1383 851 1431 pecore
900 1374 1054 1433 atque
1103 1371 1383 1421 cultoribus
1431 1374 1718 1439 frequenta-

168 1450 368 1498 bantur.

271 1531 472 1581 XLIX.
539 1533 709 1598 Igitur
733 1535 786 1582 in
813 1552 871 1584 eo
898 1537 1038 1597 colle,
1057 1555 1206 1602 quem
1227 1545 1516 1591 transverso
1536 1543 1718 1592 itinere

167 1622 455 1679 porrectum
481 1617 759 1679 docuimus,
786 1620 823 1668 J
828 1621 1049 1684 ugurtha
1074 1629 1353 1672 extenuata
1380 1642 1584 1674 suorum
1611 1626 1717 1675 acie

167 1698 396 1746 consedit
415 1717 428 1760 3
481 1699 764 1763 elephantis
815 1708 868 1749 et
916 1704 1052 1767 parti
1097 1706 1355 1769 copiarum
1403 1708 1716 1771 pedestrium

168 1779 502 1828 Bomilcarem
522 1782 781 1845 praefecit,
800 1801 1014 1850 eumque
1034 1787 1224 1848 edocet,
1243 1805 1370 1852 quae
1390 1797 1584 1854 ageret,
1610 1793 1716 1856 ipse

168 1863 373 1928 propior
425 1869 651 1911 montem
708 1871 823 1912 cum
879 1867 1018 1914 omni
1075 1869 1310 1932 equitatu
1360 1877 1414 1918 et
1459 1873 1716 1936 peditibus

151 1949 377 1997 *delectis
419 1965 534 1996 suos
574 1949 796 1998 collocat.
891 1951 1028 2000 Dein
1071 1953 1295 2017 singulas
1331 1960 1526 2005 turmas
1563 1964 1715 2022 atque

166 2031 452 2095 manipulos
488 2032 788 2081 circumiens
835 2040 1008 2082 monet
1056 2042 1209 2100 atque
1246 2038 1546 2100 obtestatur,
1591 2042 1716 2088 “uti

167 2131 411 2164 memores
435 2116 682 2179 pristinae
697 2117 907 2166 virtutis
933 2124 986 2166 et
1003 2120 1247 2169 victoriae
1273 2139 1379 2171 sese
1404 2140 1714 2189 regnumque

167 2216 314 2247 suum
350 2200 415 2248 ab
452 2199 799 2248 Romanorum
837 2203 1055 2251 avaritia
1103 2204 1410 2255 defendant:
1473 2225 1587 2256 cum
1634 2209 1714 2257 his

167 2287 421 2331 certamen
445 2283 568 2344 fore,
595 2301 720 2348 quos
744 2291 896 2333 antea
920 2287 1082 2335 victos
1108 2290 1202 2336 sub
1233 2290 1412 2354 jugum
1450 2292 1711 2342 miserint:

166 2366 345 2414 ducem
364 2366 480 2426 illis,
498 2383 602 2414 non
619 2367 861 2428 animum,
879 2375 1157 2418 mutatum:
1185 2388 1313 2435 quae
1328 2373 1392 2419 ab
1411 2373 1712 2437 imperatore

166 2448 444 2508 decuerint,
471 2450 641 2497 omnia
665 2451 769 2498 suis
798 2452 1031 2515 provisa,
1069 2452 1234 2501 locum
1272 2456 1595 2518 superiorem,
1634 2461 1712 2506 uti

166 2533 441 2598 prudentes
477 2550 591 2580 cum
627 2533 892 2597 imperitis,
919 2552 983 2583 ne
1016 2537 1277 2599 pauciores
1314 2553 1426 2584 cum
1464 2539 1709 2602 pluribus,

167 2621 260 2664 aut
292 2615 443 2663 rudes
479 2631 593 2662 cum
629 2615 761 2664 bello
795 2618 1088 2666 melioribus
1120 2636 1325 2667 manum
1361 2631 1681 2672 consererent
1698 2643 1710 2684 3

171 2700 377 2765 proinde
402 2700 568 2764 parati
600 2700 886 2765 intentique
913 2709 1094 2762 essent,
1122 2704 1264 2767 signo
1290 2705 1424 2766 dato,
1453 2706 1710 2756 Romanos

169 2781 406 2830 invadere
423 2799 437 2843 3
473 2781 619 2828 illum
652 2781 786 2847 diem
823 2789 914 2831 aut
951 2801 1123 2832 omnes
1163 2785 1358 2834 labores
1396 2794 1448 2836 et
1472 2789 1709 2838 victorias
