1875 3133
380 143 384 147 -
461 114 847 164 SALLUSTJI
887 118 1290 170 JCGURTHA.
1583 124 1645 174 87

113 222 447 286 proficiscitur
492 225 547 272 in
594 225 703 274 loca.
748 227 868 286 sola,
912 229 1166 277 obsessum
1214 231 1395 279 turrim
1443 233 1647 296 regiam,

111 321 213 369 quo
235 305 272 354 J
275 307 495 370 ugurtha.
525 308 762 373 perfugas
786 327 957 358 omnes
986 313 1291 376 praesidium
1325 315 1643 378 imposuerat.

112 390 241 438 Tum
265 407 439 439 rursus
464 391 708 452 Bocchus,
735 410 823 441 seu
847 396 1144 457 reputando,
1171 413 1299 459 quae
1324 399 1419 444 sibi
1453 398 1647 447 duobus

112 474 316 537 proeliis
349 482 608 535 venerant,
646 493 734 524 seu
769 477 1057 526 admonitus
1092 481 1156 527 ab
1191 482 1380 540 amicis,
1418 499 1541 546 quos
1576 484 1648 531 in-

110 562 373 621 corruptos
406 558 443 606 J
448 559 667 622 ugurtha
705 561 991 624 reliquerat,
1030 580 1093 610 ex
1130 564 1266 611 omni
1306 566 1448 629 copia
1485 583 1648 614 neces-

110 639 356 688 sariorum
388 642 611 706 quinque
645 643 836 706 deligit,
863 662 1075 708 quorum
1110 653 1162 694 et
1193 647 1316 695 fides
1349 650 1563 712 cognita,
1595 658 1648 697 et

109 720 314 786 ingenia
345 723 657 772 validissima
689 732 846 774 erant.
923 727 1024 775 Eos
1057 728 1121 776 ad
1156 729 1394 790 Marium,
1421 748 1478 779 ac
1511 731 1644 790 dein,

108 805 153 853 si
188 790 413 869 placeat,
463 807 695 867 Romam,
745 811 935 873 legatos
983 813 1055 859 ire
1103 813 1249 875 jubet
1266 832 1278 874 3
1339 816 1644 878 agendarum

109 904 293 948 rerum,
333 896 387 938 et
423 907 737 956 quocumque
779 895 926 943 modo
951 896 1071 943 belli
1113 899 1458 960 componendi,
1498 899 1647 947 licen·

109 971 233 1019 tiam
266 974 530 1036 permittit.
606 975 693 1025 Illi
727 984 923 1025 mature
957 979 1020 1026 ad
1054 979 1264 1027 hiberna
1299 980 1644 1029 Romanorum

107 1055 514 1116 proficiscuntur:
548 1057 744 1118 deinde,
771 1060 825 1107 in
849 1061 1030 1108 itinere
1055 1079 1085 1108 a
1111 1062 1340 1133 Gaetulis
1364 1063 1645 1113 latronibus

107 1137 439 1186 circumventi
463 1141 780 1206 spoliatique,
807 1144 994 1207 pavidi,
1021 1145 1129 1192 sine
1153 1145 1328 1194 decore
1353 1147 1418 1194 ad
1452 1147 1642 1195 Sullam

106 1221 415 1286 perfugiunt,
441 1240 589 1287 quem
623 1227 797 1274 consul
829 1228 883 1274 in
916 1229 1288 1292 expeditionem
1326 1231 1643 1294 proficiscens

104 1318 196 1366 pro
226 1310 457 1367 praetore
487 1306 769 1370 reliquerat.
846 1309 948 1357 Eos
972 1311 1057 1358 ille
1082 1328 1184 1359 non
1209 1329 1299 1376 pro
1325 1313 1469 1360 vanis
1492 1313 1644 1361 hosti-

104 1386 213 1445 bus,
229 1392 291 1434 ut
313 1388 481 1435 meriti
506 1396 665 1449 erant,
686 1391 773 1439 sed
798 1399 1030 1441 accurate
1055 1411 1113 1442 ac
1139 1386 1418 1443 liberaliter
1438 1396 1618 1445 habuit
1629 1417 1642 1458 3

102 1484 204 1531 qua
226 1485 281 1517 re
304 1470 507 1519 barbari
529 1479 583 1520 et
602 1473 789 1521 famam
811 1475 1156 1525 Romanorum
1182 1480 1427 1528 avaritiae
1445 1481 1639 1540 falsam,

102 1560 156 1600 et
179 1540 379 1602 Sullam?
391 1555 455 1602 ob
473 1557 870 1606 munificentiam
897 1561 950 1607 in
975 1577 1080 1608 sese
1099 1562 1316 1610 amicum
1337 1564 1447 1611 rati.
1504 1564 1556 1612 N
1559 1582 1638 1612 am

102 1636 255 1684 etiam
280 1642 390 1685 tum
415 1638 617 1702 largitio
635 1642 810 1690 multis
832 1643 1021 1706 ignara,
1039 1647 1306 1694 munificus
1331 1664 1478 1696 nemo
1496 1655 1640 1712 puta-

101 1721 399 1779 batur,·nisi
427 1723 620 1785 pariter
651 1725 840 1785 volens,
875 1726 1008 1775 dona
1041 1731 1209 1777 omnia
1242 1731 1295 1778 in
1327 1733 1639 1796 benignitate

100 1801 429 1851 habebantur.
506 1803 675 1868 Igitur
711 1810 964 1871 quaestori
1000 1811 1240 1860 mandata
1277 1813 1463 1861 Bocchi
1504 1821 1639 1879 pate-

99 1882 328 1945 faciunt3
362 1884 514 1933 simul
546 1887 610 1934 ab
644 1904 702 1935 eo
735 1896 934 1953 petunt,
969 1893 1047 1939 uti
1081 1893 1253 1941 fautor
1285 1896 1637 1961 consultorque

98 1964 197 2012 sibi
230 1964 394 2027 adsit5
431 1968 614 2031 copias,
649 1970 814 2030 fidem,
849 1975 1249 2037 magnitudinem
1287 1978 1418 2041 regis
1453 1980 1547 2039 sui,
1585 1993 1637 2027 et

98 2047 214 2108 alia,
238 2064 368 2112 quae
391 2056 484 2097 aut
512 2052 660 2099 utilia
689 2060 781 2100 aut
812 2055 1192 2106 benevolentiae
1218 2076 1324 2107 esse
1350 2061 1634 2120 credebant,

98 2130 325 2180 emtione
354 2134 611 2183 extollunt
626 2153 639 2196 3
675 2137 809 2198 dein,
839 2137 987 2188 Sulla
1012 2143 1180 2190 omnia
1212 2144 1452 2206 pollicito,
1483 2145 1633 2205 docti,

96 2229 198 2277 quo
234 2215 382 2264 modo
416 2218 552 2281 apud
589 2219 829 2281 Marium,
867 2223 989 2271 item
1025 2225 1160 2288 apud
1197 2233 1443 2287 senatum,
1481 2230 1634 2277 verba

98 2294 338 2357 facerent,
363 2298 564 2348 circiter
586 2302 694 2351 dies
718 2318 796 2352 XL,
827 2306 1012 2354 ibidem
1038 2310 1381 2372 opperiuntur.

200 2378 340 2429 CIV.
413 2382 612 2434 Marius
635 2394 916 2452 postquam,
938 2391 1181 2451 confecto,
1203 2409 1301 2456 quo
1327 2394 1629 2455 intenderat,

96 2462 313 2525 negotio,
353 2463 545 2514 Cirtam
584 2469 731 2529 redit,
769 2471 831 2519 de
870 2472 1094 2520 adventu
1134 2474 1410 2537 legatorum
1451 2479 1633 2526 certior

96 2542 277 2604 factus,
303 2545 514 2611 illosque
537 2555 592 2598 et
622 2551 815 2601 Sullam
848 2555 913 2602 ab
939 2555 1095 2604 Utica
1128 2557 1300 2605 venire
1317 2558 1480 2621 jubet,
1507 2561 1628 2609 item

95 2625 153 2674 L
199 2626 484 2677 Bellienum
531 2640 831 2696 praetorem,
880 2645 1142 2701 praeterea
1188 2656 1360 2690 omnes
1407 2643 1629 2708 undique

94 2712 335 2760 senatorii
381 2713 588 2776 ordinis,
636 2719 934 2786 quibuscum
991 2723 1232 2772 mandata
1287 2724 1475 2774 Bocchi
1522 2744 1628 2792 cog-

95 2793 272 2844 noscit.
345 2794 550 2861 Legatis
589 2806 813 2864 potestas
853 2804 1008 2852 eundi
1050 2805 1265 2855 Romam
1307 2807 1368 2856 fit
1412 2810 1477 2857 ab
1517 2826 1629 2858 con·
