1875 3133
576 104 965 156 SALLUSTII
1005 104 1411 153 JUGURTHA.
1696 105 1758 153 35

214 220 440 285 imperiis
472 218 713 283 pecunias
745 216 1058 280 accepissent
1073 234 1086 277 3
1124 215 1212 279 qui
1242 214 1550 278 elephantos,
1577 213 1762 277 quique

215 303 453 367 perfugas
477 300 810 349 tradidissent
819 318 832 361 3
857 300 980 347 item
1007 299 1095 362 qui
1120 298 1182 345 de
1206 314 1344 361 pace,
1366 301 1457 343 aut
1479 296 1627 355 bello,
1649 312 1760 343 cum

214 386 445 434 hostibus
475 384 735 449 pactiones
764 382 1046 430 fecissent.''
1119 381 1261 428 Huic
1294 379 1544 444 rogationi
1576 379 1761 443 partim

216 469 404 518 conscii
428 468 538 527 sibi,
558 467 646 515 alii
666 483 729 514 ex
754 466 977 530 partium
1003 465 1198 512 invidia
1221 464 1446 528 pericula
1463 468 1761 521 metuentes,

215 552 454 618 quoniam
480 557 654 615 aperte
678 550 910 598 resistere
935 565 1038 596 non
1061 553 1313 613 poterant,
1335 548 1459 612 quin
1482 549 1572 596 illa
1590 554 1642 597 et
1665 550 1765 597 alia

218 639 340 687 talia
379 638 578 702 placere
620 635 717 683 sibi
758 634 1058 693 faterentur,
1098 634 1292 681 occulte
1333 650 1424 697 per
1465 633 1667 692 amicos,
1706 651 1762 680 ac

217 721 436 770 maxime
461 737 551 784 per
575 719 804 767 homines
836 719 1055 766 nominis
1081 718 1256 765 Latini
1281 722 1333 765 et
1365 717 1522 764 socios
1556 717 1764 764 Italicos

216 805 578 870 impedimenta
602 803 864 867 parabant.
948 802 1046 849 Sed
1071 801 1242 865 plebes
1261 800 1556 848 incredibile
1582 817 1764 849 memo-

215 895 333 938 ratu
356 893 434 936 est
457 904 608 952 quam
632 887 833 933 intenta
857 885 1027 944 fuerit,
1057 890 1347 948 quantaque
1372 884 1424 930 vi
1450 885 1761 947 rogationem

209 973 436 1036 jusserit,
475 971 771 1030 decreverit,
810 969 1030 1017 volucrit
1046 987 1059 1030 3
1108 969 1267 1032 magis
1309 969 1423 1016 odio
1465 969 1761 1028 nobilitatis,

217 1058 299 1105 cui
321 1057 456 1104 mala
480 1057 569 1103 illa
592 1056 919 1119 parabantur,
941 1070 1090 1117 quam
1113 1070 1234 1100 cura
1257 1053 1587 1116 reipublicae:
1619 1058 1764 1100 tanta

217 1141 393 1189 lubido
422 1141 477 1188 in
506 1139 738 1204 partibus
764 1143 884 1186 erat.
962 1138 1131 1200 Igitur
1156 1138 1334 1185 ceteris
1358 1143 1499 1184 met-u
1523 1138 1765 1201 perculsis

216 1223 289 1272 M.
319 1224 553 1282 Scaurus,
580 1239 729 1286 quem
754 1222 978 1284 legatum
1005 1221 1206 1268 Bestiae
1232 1220 1388 1268 fuisse
1414 1238 1566 1284 supra
1599 1220 1763 1268 docui-

216 1325 344 1368 mus,
370 1308 507 1355 inter
542 1306 791 1353 laetitiam
828 1306 989 1369 plebis
1026 1310 1079 1352 et
1114 1321 1318 1352 suorum
1351 1305 1540 1369 fugam,
1567 1306 1765 1370 trepida

216 1392 370 1440 etiam
403 1396 515 1437 tum
549 1389 773 1448 civitate,
809 1406 966 1452 quum
1004 1405 1068 1436 ex
1101 1387 1133 1435 lv
1163 1388 1335 1435 amilia
1366 1389 1625 1452 rogatione
1663 1395 1764 1436 tres

216 1473 526 1539 quaesitores
550 1476 864 1535 rogarentur,
892 1471 1139 1529 effecerat,
1161 1470 1239 1516 uti
1263 1470 1368 1534 ipse
1393 1471 1448 1517 in
1473 1487 1530 1518 eo
1555 1487 1764 1518 numero

217 1563 486 1607 crearetur.
563 1557 661 1605 Sed
687 1556 914 1620 quaestio
940 1555 1162 1602 exercita
1195 1571 1369 1618 aspere
1401 1555 1761 1619 violenterque,

217 1660 282 1692 ex
317 1658 518 1690 rumore
557 1646 610 1688 et
644 1640 872 1687 lubidine
908 1639 1099 1703 plebis:
1149 1644 1209 1686 ut
1244 1655 1390 1702 saepe
1426 1639 1759 1699 nobilitatem,

217 1727 288 1775 sic
313 1743 372 1774 ea
396 1729 698 1789 tempestate
722 1724 920 1788 plebem
946 1740 1010 1770 ex
1043 1722 1276 1770 secundis
1309 1723 1459 1769 rebus
1491 1722 1762 1771 insolentia

220 1815 434 1875 ceperat.

321 1893 467 1942 XLI.
545 1891 782 1940 Ceterum
801 1906 909 1937 mos
934 1889 1157 1953 partium
1182 1888 1503 1952 popularium
1524 1893 1576 1935 et
1600 1890 1763 1936 senati

217 1979 514 2038 factionum,
541 1994 598 2024 ac
624 1976 806 2024 deinde
832 1975 1056 2023 omnium
1090 1975 1338 2022 malarum
1371 1974 1558 2020 artium
1592 1973 1763 2036 paucis

220 2070 338 2112 ante
363 2063 511 2111 annis
537 2062 731 2110 Romae
757 2067 898 2108 ortus
923 2065 1014 2119 est,
1042 2059 1145 2107 otio
1170 2063 1223 2106 et
1254 2057 1568 2106 abundantia
1592 2073 1762 2104 earum

220 2165 404 2207 rerum,
432 2163 560 2211 quae
584 2146 749 2210 prima
773 2144 1012 2192 mortales
1045 2143 1253 2192 ducunt.
1328 2142 1464 2189 Nam
1498 2146 1616 2188 ante
1650 2140 1763 2189 Car-

222 2231 478 2294 thaginem
521 2230 740 2278 deletam
779 2228 996 2292 populus
1033 2232 1086 2274 et
1121 2231 1326 2274 senatus
1366 2224 1627 2271 Romanus
1662 2224 1764 2287 pla-

221 2313 330 2360 cide
376 2312 701 2376 modesteque
748 2312 884 2358 inter
932 2328 983 2358 se
1030 2309 1391 2373 rempublicam
1444 2307 1762 2367 tractabant3

220 2412 382 2460 neque
407 2396 609 2459 gloriae,
626 2412 790 2459 neque
815 2394 1175 2442 dominationis
1201 2397 1454 2439 certamen
1478 2391 1612 2438 inter
1631 2391 1764 2438 cives

221 2485 331 2527 erat
346 2498 359 2541 3
395 2484 562 2527 metus
594 2479 793 2527 hostilis
825 2479 880 2525 in
912 2478 1058 2525 bonis
1082 2477 1276 2524 artibus
1303 2475 1561 2521 civitatem
1585 2475 1763 2522 retine-

220 2563 322 2610 bat.
398 2561 497 2609 Sed
532 2562 621 2609 ubi
655 2563 746 2610 illa
780 2561 997 2609 formido
1033 2558 1288 2607 mentibus
1321 2557 1548 2615 decessit,
1576 2556 1766 2603 scilicet

222 2663 295 2706 ca,
321 2661 449 2710 quae
478 2645 726 2693 secundae
759 2663 838 2693 res
871 2649 1059 2703 amant,
1086 2641 1294 2690 lascivia
1326 2646 1478 2704 atque
1512 2640 1762 2703 superbia,

221 2730 480 2778 incessere.
573 2729 660 2777 Ita
709 2730 843 2793 quod
891 2730 946 2776 in
995 2726 1219 2776 adversis
1266 2726 1416 2772 rebus
1465 2730 1766 2788 optaverant

222 2811 400 2872 otium,
448 2817 715 2876 postquam
764 2812 936 2875 adepti
985 2815 1119 2869 sunt,
1165 2807 1390 2871 asperius
1439 2807 1763 2870 acerbiusque

1496 2890 1627 2936 3—2
