1875 3133
539 120 937 173 SALLUSTII
980 119 1386 170 JUGURTHA.
1671 118 1730 166 67

273 234 606 289 ‘LX-XXIV.
676 234 755 282 At
778 233 992 293 Marius,
1014 238 1075 280 ut
1098 249 1251 296 supra
1275 231 1514 289 diximus,
1537 229 1735 293 cupien-

186 319 383 368 tissima
418 319 564 382 plebe
601 318 776 365 consul
812 317 994 377 factus,
1033 321 1300 381 postquam
1338 315 1385 362 ei
1420 313 1734 378 provinciam

187 403 488 452 Numidiam
530 401 747 466 populus
783 401 952 464 jussit,
997 405 1115 448 ante
1152 400 1258 463 jam
1301 397 1520 445 infestus
1555 396 1737 444 nobili-

187 487 301 546 tati,
339 492 451 534 tum
487 502 607 532 vero
643 484 837 532 multus
873 489 1026 548 atque
1061 483 1208 531 ferox
1243 482 1434 543 instare
1450 499 1464 542 3
1514 479 1737 543 singulos

188 570 353 630 modo,
390 569 539 617 modo
581 568 844 615 universos
884 567 1083 615 laedere
1100 585 1114 628 3
1163 566 1398 613 dictitare
1438 568 1591 611 “sese
1628 579 1739 610 con-

189 655 413 703 sulatum
446 670 512 701 ex
542 653 694 700 victis
726 652 828 699 illis
861 651 1021 715 spolia
1053 650 1241 715 cepisse
1258 667 1272 710 3
1289 649 1312 669 '²
1346 649 1446 696 alia
1477 652 1740 712 praeterea

190 737 459 801 magnifica
482 753 573 801 pro
599 753 666 796 se,
688 741 740 783 et
764 736 866 783 illis
891 735 1129 783 dolentia.
1199 733 1433 792 Interim,
1455 747 1583 795 quae
1607 730 1740 778 bello

190 838 317 886 opus
342 826 503 881 erant,
529 821 694 884 prima
717 819 902 867 habere
913 837 927 880 3
959 818 1217 883 postulare
1241 816 1523 880 legionibus
1547 813 1741 877 supple-

191 910 438 964 mentum,
464 904 659 952 auxilia
691 921 720 951 a
752 903 953 967 populis
986 907 1039 950 et
1070 902 1274 965 regibus
1307 900 1552 963 sociisque
1586 914 1743 945 arces-

192 1006 301 1038 sere
318 1007 332 1050 3
361 993 624 1053 praeterea
648 1004 712 1035 cx
737 987 886 1034 Latio
911 986 1245 1034 fortissimum
1271 1000 1536 1048 quemque,
1561 982 1743 1046 pleros-

193 1090 291 1137 que
315 1072 544 1132 militiae,
570 1088 758 1135 paucos
782 1070 920 1118 fama
945 1069 1172 1133 cognitos
1197 1068 1373 1127 accire,
1401 1072 1453 1114 et
1477 1065 1745 1113 ambiendo

194 1142 640 1221 cogere¹homines
682 1154 905 1202 emeritis
954 1152 1221 1217 stipendiis
1263 1167 1433 1198 secum
1480 1148 1739 1213 proficisci.

195 1240 378 1303 Neque
413 1238 491 1286 illi
527 1242 748 1298 senatus,
777 1253 1084 1301 quamquam
1117 1235 1361 1283 adversus
1395 1238 1519 1293 erat,
1546 1232 1608 1280 de
1642 1232 1746 1280 ullo

195 1323 399 1387 negotio
459 1322 681 1370 abnuere
742 1321 963 1369 audebat
979 1338 993 1382 3
1055 1324 1279 1367 ceterum
1337 1318 1745 1382 supplementum

196 1407 351 1455 etiam
388 1406 553 1454 laetus
586 1405 896 1464 decreverat,
924 1404 1044 1468 quia
1079 1420 1242 1467 neque
1276 1403 1413 1467 plebi
1448 1401 1634 1449 militia
1667 1417 1747 1447 vo-

197 1491 326 1538 lenti
357 1490 653 1554 putabatur,
681 1494 734 1537 et
766 1489 966 1537 Marius
999 1493 1091 1536 aut
1122 1488 1244 1535 belli
1277 1504 1426 1535 usum
1456 1491 1547 1534 aut
1579 1485 1749 1533 studia

197 1553 340 1637 uulgi
375 1573 664 1621 amissurus.
742 1572 841 1620 Sed
878 1589 937 1620 ea
973 1589 1052 1619 res
1089 1571 1282 1619 frustra
1324 1575 1525 1634 sperata
1541 1587 1555 1631 3
1603 1574 1750 1616 tanta

197 1656 373 1704 lubido
415 1673 530 1703 cum
573 1655 742 1703 Mario
779 1655 934 1702 eundi
975 1655 1241 1719 plerosque
1282 1654 1552 1701 invaserat.
1631 1651 1749 1700 Sese

198 1740 411 1803 quisque
447 1738 635 1803 praeda
670 1739 974 1803 locupletem
1007 1738 1131 1797 fore,
1158 1738 1402 1785 victorem
1439 1737 1644 1785 domum
1678 1753 1750 1783 re-

199 1824 444 1883 diturum,
471 1814 584 1871 xalia
618 1822 982 1886 hujuscemodi,
1021 1822 1204 1869 animis
1240 1821 1541 1869 trahebant:
1580 1825 1632 1867 et
1669 1836 1751 1867 eos

199 1925 304 1957 non
343 1907 574 1972 paullum
616 1908 844 1955 oratione
886 1923 978 1954 sua
1019 1905 1219 1953 Marius
1266 1909 1537 1952 arrexerat.
1614 1903 1749 1951 Nam

200 1996 484 2056 postquam,
511 1991 744 2039 omnibus
770 2007 898 2055 quae
930 1990 1279 2054 postulaverat
1307 1988 1538 2047 decretis,
1564 1987 1752 2034 milites

202 2076 420 2124 scribere
455 2076 585 2136 vult,
623 2075 864 2123 hortandi
900 2091 1089 2133 caussa,
1130 2073 1281 2121 simul
1321 2078 1373 2120 et
1414 2071 1749 2127 nobilitatem,

202 2159 282 2207 uti
324 2163 670 2219 consueverat,
708 2158 1017 2223 exagitandi,
1057 2158 1346 2206 concionem
1389 2156 1564 2221 populi
1606 2154 1752 2202 advo·

204 2242 352 2290 cavit.
429 2229 630 2296 Deinde
654 2243 748 2291 hoc
772 2242 921 2290 modo
947 2242 1197 2290 disseruit.

311 2326 592 2375 LXXXV.
672 2327 832 2375 “Scio
889 2343 995 2391 ego,
1046 2326 1287 2384 Quirites,
1336 2325 1600 2388 plerosque
1651 2338 1753 2369 non

206 2409 365 2458 isdem
402 2411 598 2458 artibus
633 2411 903 2475 imperium
940 2428 970 2458 a
1002 2410 1146 2458 vobis
1179 2415 1351 2474 petere
1389 2413 1454 2467 et,
1485 2412 1752 2472 postquam

207 2493 380 2558 adepti
405 2499 539 2553 sunt,
565 2481 767 2558 gerere}
799 2495 962 2559 primo
986 2494 1279 2553 industrios,
1307 2492 1573 2556 supplices,
1599 2490 1754 2538 modi-

208 2594 291 2627 cos
324 2594 430 2626 esse
448 2596 460 2639 3
497 2577 680 2627 deinde
716 2596 807 2643 per
839 2579 1095 2643 ignaviam
1129 2583 1181 2625 et
1213 2577 1500 2641 superbiam
1534 2580 1751 2623 aetatem

207 2677 367 2726 agere.
445 2660 544 2708 Sed
586 2661 712 2709 mihi
754 2669 931 2710 contra
974 2679 1032 2710 ea
1067 2661 1303 2722 videtur3
1351 2678 1469 2708 nam
1512 2677 1611 2724 quo
1648 2661 1755 2707 uni—

209 2761 356 2793 versa
387 2745 671 2808 respublica
702 2746 864 2809 pluris
888 2751 967 2794 est
998 2763 1150 2810 quam
1176 2746 1467 2793 consulatus
1496 2749 1588 2792 aut
1618 2760 1756 2808 prae-

211 2833 342 2889 tura,
382 2844 440 2877 eo
482 2827 671 2892 majore
710 2845 831 2877 cura
871 2830 1012 2877 illam
1056 2829 1402 2877 administrari
1441 2845 1590 2892 quam
1634 2827 1756 2873 haec

1486 2911 1617 2958 o—·2
