1875 3133
508 91 904 142 SALLUSTII
945 93 1350 144 JUGURTHA.
1650 101 1708 150 31

161 206 392 271 proximo
440 220 575 252 anno
616 208 732 268 post
774 203 1000 251 Bestiam
1042 222 1156 253 cum
1197 206 1253 264 Q.
1299 206 1532 257 Municio
1572 209 1713 260 Rufo

163 290 484 340 consulatum
531 289 754 352 gerebat,
804 289 1092 352 persuadet,
1143 291 1382 354 quoniam
1432 309 1496 340 ex
1556 295 1713 359 stirpe

159 374 463 423 Masinissae
483 372 565 432 sit,
583 372 620 420 J
623 371 898 435 ugurtham
925 373 988 419 ob
1005 373 1193 421 scelera
1218 374 1414 422 invidia
1434 392 1547 423 cum
1573 384 1713 426 metu

158 461 351 521 urgeat,
389 471 602 519 regnum
639 453 920 502 Numidiae
957 455 1021 502 ab
1058 461 1239 503 senatu
1277 462 1432 521 petat.
1509 459 1712 508 Avidus

157 541 334 590 consul
380 540 505 588 belli
552 538 776 603 gerendi,
818 540 1011 587 moveri
1051 557 1202 604 quam
1246 558 1503 590 senescere
1542 545 1712 593 omnia

155 626 406 675 malebat:
443 624 542 689 ipsi
567 624 831 688 provincia
855 624 1119 685 Numidia,
1146 626 1379 675 Minucio
1405 627 1712 678 Macedonia

154 714 405 759 evenerat.
497 708 639 767 Quae
687 714 955 773 postquam
1005 709 1234 758 Massiva
1282 712 1475 775 agitare
1525 715 1707 779 coepit,

153 810 317 858 neque
357 793 394 842 J
397 792 647 856 ugurthae
689 792 744 839 in
786 792 960 840 amicis
998 794 1122 841 satis
1163 795 1404 858 praesidii
1443 802 1534 857 est,
1574 799 1709 862 quod

153 895 327 926 eorum
365 878 522 925 alium
561 877 885 937 conscientia,
924 878 1081 924 alium
1124 880 1260 926 mala
1295 879 1432 928 fama
1469 887 1520 929 et
1555 882 1709 931 timor

153 964 479 1029 impediebat,
507 963 797 1022 Bomilcari,
833 963 1065 1026 proximo
1103 981 1160 1011 ao
1197 965 1419 1013 maxime
1455 967 1556 1014 fido
1593 968 1705 1028 sibi,

150 1050 382 1114 imperat,
412 1049 638 1113 “pretio,
666 1048 819 1096 sicuti
850 1049 1015 1096 multa
1052 1049 1355 1111 confecerat,
1383 1052 1707 1102 insidiatores

150 1132 407 1181 Massivae
431 1138 591 1197 paret,
610 1149 667 1180 ac
692 1133 913 1180 maxime
939 1134 1135 1182 occulte
1152 1153 1166 1196 3
1206 1136 1286 1183 sin
1310 1136 1362 1184 id
1388 1154 1568 1201 parum
1594 1156 1704 1203 pro-

148 1219 310 1279 cedat,
336 1219 516 1283 quovis
548 1216 698 1265 modo
735 1216 1017 1264 Numidam
1051 1217 1372 1269 interficiat.”
1446 1223 1702 1272 Bomilcar

146 1309 346 1352 mature
370 1303 502 1368 regis
526 1302 769 1351 mandata
788 1304 1085 1368 exsequitur
1104 1323 1116 1366 3
1154 1310 1205 1353 et
1224 1323 1314 1370 per
1330 1306 1560 1356 homines
1585 1310 1703 1357 talis

145 1387 338 1451 negotii
361 1387 581 1435 artifices
606 1387 793 1434 itinera
818 1404 1146 1453 egressusque
1173 1390 1295 1452 ejus,
1313 1396 1568 1455 postremo
1593 1393 1702 1441 loca

145 1476 299 1535 atque
323 1475 554 1535 tempora
580 1476 766 1518 cuncta
791 1472 1025 1535 explorat
1045 1490 1058 1534 ,-
1097 1473 1294 1534 deinde,
1317 1475 1405 1522 ubi
1430 1493 1509 1524 res
1533 1484 1701 1541 postu-

144 1553 300 1613 labat,
321 1552 534 1600 insidias
549 1552 728 1600 tendit.
787 1552 958 1616 Igitur
976 1570 1109 1602 unus
1129 1571 1193 1602 ex
1213 1572 1270 1603 eo
1286 1573 1511 1618 numero,
1530 1559 1617 1623 qui
1636 1560 1699 1608 ad

144 1635 347 1684 caedem
373 1636 541 1700 parati
565 1641 713 1683 erant
736 1637 907 1700 paullo
934 1637 1272 1687 inconsultius
1305 1640 1583 1690 Massivam
1617 1644 1700 1692 ad-

141 1719 386 1783 greditur,
403 1720 550 1767 illum
577 1721 880 1782 obtruncat3
918 1721 1004 1769 sed
1021 1722 1127 1785 ipse
1154 1723 1496 1788 deprehensus
1520 1729 1696 1777 multis

140 1803 466 1852 hortantibus
526 1809 579 1852 et
625 1805 681 1852 in
727 1805 906 1869 primis
954 1806 1147 1855 Albino
1196 1810 1400 1858 consule
1448 1811 1693 1862 indicium

140 1887 419 1950 profitetur.
497 1888 584 1936 Fit
621 1905 738 1936 reus
774 1889 934 1952 magis
973 1906 1037 1937 ex
1074 1907 1233 1955 aequo
1269 1893 1515 1958 bonoque,
1543 1913 1691 1961 quam

140 1986 205 2017 ex
240 1970 356 2034 jure
397 1972 627 2035 gentium
670 1972 941 2032 Bomilcar,
981 1990 1145 2022 comes
1188 1976 1311 2039 ejus,
1351 1979 1438 2042 qui
1476 1979 1691 2030 Romam

140 2053 239 2102 fide
271 2056 477 2119 publica
504 2061 728 2104 venerat.
805 2057 883 2104 At
918 2058 955 2106 J
958 2058 1180 2122 ugurtha
1215 2062 1517 2112 manifestus
1558 2068 1691 2114 tanti

141 2137 343 2185 sceleris
384 2154 488 2186 non
536 2139 679 2203 prius
728 2140 899 2188 omisit
947 2147 1124 2190 contra
1166 2159 1343 2192 verum
1384 2130 1498 2207 niti,
1538 2165 1688 2213 quam

137 2220 364 2269 animum
422 2213 647 2271 advertit
705 2241 859 2288 supra
916 2226 1134 2288 gratiam
1203 2234 1355 2293 atque
1419 2234 1683 2295 pecuniam

138 2321 279 2352 suam
305 2305 552 2355 invidiam
576 2308 703 2356 facti
718 2326 836 2357 esse.
914 2310 1097 2374 Igitur,
1116 2328 1420 2377 quamquam
1441 2316 1495 2362 in
1520 2317 1686 2380 priore

137 2388 335 2438 actione
371 2406 436 2438 ex
471 2391 647 2440 amicis
683 2393 1055 2457 quinquaginta
1091 2395 1244 2443 vades
1278 2396 1501 2458 dederat,
1529 2416 1683 2463 regno

135 2474 296 2537 magis
333 2490 485 2538 quam
527 2476 744 2525 vadibus
793 2479 1059 2526 consulens
1109 2480 1236 2526 clam
1284 2481 1338 2527 in
1385 2481 1682 2531 Numidiam

136 2558 473 2606 Bomilcarem
522 2559 755 2621 dimittit,
799 2562 994 2610 veritus
1043 2579 1106 2609 ne
1154 2563 1374 2626 reliquos
1415 2566 1682 2629 populares

132 2647 299 2690 metus
345 2642 611 2691 invaderet
651 2646 864 2709 parendi
902 2647 1014 2706 sibi,
1058 2647 1101 2694 si
1143 2647 1205 2695 de
1246 2649 1334 2696 illo
1378 2651 1678 2714 supplicium

132 2732 357 2775 sumtum
405 2726 552 2788 foret,
596 2734 649 2777 et
695 2731 803 2794 ipse
850 2732 1024 2795 paucis
1072 2732 1249 2780 diebus
1290 2734 1547 2797 profectus
1587 2742 1678 2796 est,

126 2810 298 2874 jussus
323 2811 387 2858 ab
412 2816 593 2859 senatu
609 2811 765 2861 Italia
784 2813 1036 2863 decedere.
1113 2814 1211 2863 Sed
1230 2822 1496 2881 postquam
1514 2817 1677 2867 Roma
