1875 3133
276 620 347 685 C.
424 621 992 685 SALLUSTII
1072 621 1416 686 CRISPI

530 771 1134 840 JUGURTHA.

185 1049 226 1098 I.
301 1050 470 1100 FALso
489 1051 719 1115 queritur
737 1050 798 1098 de
823 1056 1007 1097 natura
1025 1066 1116 1097 sua
1133 1066 1291 1113 genus
1316 1048 1609 1106 humanum,

81 1138 214 1202 quod
252 1139 503 1188 imbecilla.
536 1145 688 1203 atque
724 1140 836 1187 aevi
874 1139 1042 1186 brevis
1081 1138 1212 1186 forte
1249 1139 1419 1202 potius
1460 1155 1608 1202 quam

82 1221 271 1270 virtute
295 1227 511 1286 regatur.
586 1222 720 1270 Nam
747 1227 923 1269 contra
946 1220 1228 1284 reputando
1257 1237 1418 1284 neque
1448 1221 1610 1283 majus

79 1303 219 1352 aliud
252 1321 414 1369 neque
449 1305 802 1369 praestabilius
834 1305 1075 1363 invenies,
1106 1303 1362 1367 magisque
1399 1309 1610 1351 naturae

79 1385 380 1434 industriam
419 1387 678 1435 hominum
717 1404 867 1451 quam
906 1388 1009 1434 vim
1052 1392 1143 1434 aut
1183 1392 1382 1450 tempus
1423 1386 1605 1434 deesse.

80 1468 179 1517 Sed
201 1468 309 1517 dux
331 1474 483 1533 atque
507 1470 779 1533 imperator
802 1470 938 1517 vitae
962 1470 1251 1517 mortalium
1281 1469 1479 1516 animus
1503 1475 1608 1528 est,

78 1552 167 1617 qui
212 1553 302 1600 ubi
346 1552 412 1600 ad
457 1552 666 1616 gloriam
714 1554 922 1601 virtutis
968 1555 1052 1601 via
1092 1559 1363 1620 grassatur,
1410 1554 1609 1602 abunde

79 1633 272 1697 pollens
298 1638 575 1697 potensque
605 1640 658 1682 et
690 1635 853 1682 clarus
886 1640 977 1693 est,
1011 1651 1172 1698 neque
1205 1634 1438 1681 fortunae
1474 1640 1586 1698 eget
1596 1654 1609 1694 ;

78 1715 263 1780 quippe
286 1732 414 1780 quae
445 1719 763 1781 probitatem,
789 1719 1106 1777 industriam,
1132 1719 1256 1766 alias
1288 1724 1421 1766 artes
1453 1719 1609 1766 bonas

79 1817 240 1866 neque
268 1801 387 1850 dare
419 1818 580 1866 neque
612 1802 802 1864 eripere
827 1802 1059 1865 cuiquam
1093 1806 1259 1864 potest
1275 1818 1288 1861 3
1325 1801 1402 1848 sin
1432 1805 1608 1864 captus

78 1884 248 1947 pravis
279 1884 599 1948 cupidinibus
631 1884 695 1932 ad
728 1885 961 1932 inertiam
995 1890 1047 1931 et
1079 1884 1366 1948 voluptates
1389 1885 1608 1947 corporis

77 1981 277 2029 pessum
308 1965 459 2016 datus
489 1971 581 2026 est,
606 1967 884 2030 perniciosa
916 1966 1141 2014 lubidine
1170 1966 1443 2030 paullisper
1471 1983 1605 2023 usus,

80 2048 167 2096 ubi
197 2065 287 2113 per
317 2049 594 2097 socordiam
627 2050 774 2109 vires,
801 2055 1015 2113 tempus,
1046 2049 1302 2113 ingenium
1336 2049 1604 2106 defluxere,

79 2137 290 2181 naturae
330 2132 597 2180 infirmitas
636 2138 930 2193 accusatur;
972 2149 1112 2180 suam
1156 2131 1366 2195 quisque
1408 2131 1604 2194 culpam

78 2218 306 2263 auctores
336 2214 402 2263 ad
433 2215 634 2279 negotia
665 2214 992 2262 transferunt.
1067 2213 1213 2272 Quod
1246 2214 1288 2261 si
1320 2213 1606 2261 hominibus

79 2296 321 2345 bonarum
353 2314 520 2346 rerum
552 2303 698 2346 tanta
722 2314 843 2345 cura
865 2302 1009 2356 esset,
1036 2301 1226 2360 quanto
1251 2296 1418 2343 studio
1442 2296 1605 2344 aliena

78 2394 135 2426 ac
154 2377 280 2426 nihil
304 2379 585 2443 profutura,
602 2381 917 2444 multumque
936 2380 1087 2427 etiam
1113 2379 1389 2443 periculosa
1407 2384 1602 2442 petunt,

78 2476 239 2525 neque
273 2467 564 2526 regerentur
598 2463 756 2526 magis
797 2479 946 2526 quam
989 2466 1219 2525 regerent
1259 2478 1416 2520 casus,
1455 2467 1507 2509 et
1547 2478 1604 2509 eo

78 2546 440 2610 magnitudinis
475 2548 815 2612 procederent,
856 2548 932 2595 uti
974 2564 1064 2611 pro
1106 2533 1401 2594 mortalibus
1447 2544 1604 2608 gloria

76 2628 269 2677 aeterni
294 2629 483 2679 fierent.

178 2711 254 2761 II.
326 2712 462 2761 Nam
515 2714 594 2762 uti
647 2712 1116 2778 genuslhominum
1165 2710 1492 2774 compositum
1539 2725 1601 2756 ex

76 2792 246 2843 anima
282 2798 336 2843 et
375 2810 594 2859 corpore,
633 2795 707 2844 ita
747 2812 825 2844 res
867 2800 1076 2843 cunctae
1123 2792 1389 2859 studiaque
1435 2792 1602 2841 omnia

211 2905 323 2942 suo.
1435 2891 1458 2938 l
