1875 3133
552 146 737 197 SALL
749 147 950 197 USTII
993 146 1130 196 JUG
1141 145 1395 195 URTHA.
1682 146 1741 196 71

195 258 312 307 Hoc
345 253 424 308 est
455 259 597 319 utile,
628 258 722 307 hoc
760 258 909 306 civile
942 258 1224 323 imperium.
1301 257 1554 321 Namque,
1590 273 1746 321 quum

195 349 308 392 tute
330 361 422 408 per
444 344 711 392 mollitiem
737 360 870 407 agaS,
898 344 1179 391 exercitum
1205 341 1453 406 supplicio
1479 357 1668 404 cogere,
1695 341 1747 388 id

194 434 288 490 est,
331 430 609 490 dominum,
651 446 756 477 non
797 429 1170 494 imperatorem,
1211 444 1329 476 esse.
1407 427 1554 474 Haec
1597 432 1748 490 atque

194 514 321 562 talia
354 513 570 577 majores
601 513 761 561 vestri
797 512 1029 560 faciendo
1067 529 1219 576 seque
1252 527 1459 575 remque
1492 510 1748 574 publicam

195 597 540 648 celebravere:
579 596 722 660 queis
746 597 986 644 nobilitas
1011 596 1159 655 freta,
1187 595 1297 659 ipsa
1320 593 1580 641 dissimilis
1604 593 1751 640 mori-

195 682 305 742 bus,
331 698 423 729 nos
446 681 651 730 illorum
677 682 900 730 aemulos
926 682 1230 743 contemnit,
1261 686 1314 729 et
1339 697 1512 728 omnes
1536 679 1751 727 honores

195 782 300 813 non
347 782 413 838 ex
459 766 657 826 merito,
703 765 790 813 sed
838 765 983 829 quasi
1031 765 1229 813 debitos
1277 782 1307 812 a
1354 764 1498 812 vobis
1547 763 1745 826 repetit.

197 849 436 898 Ceterum
461 849 690 897 homines
710 849 1057 914 superbissimi
1081 849 1258 912 procul
1278 852 1462 896 errant.
1529 845 1752 909 Majores

196 949 371 982 eorum
420 934 603 993 omnia,
649 951 777 998 quae
819 934 1018 993 licebat,
1063 933 1165 980 illis
1213 933 1478 996 reliquere,
1523 930 1746 989 divitias,

196 1016 457 1080 imagines,
483 1017 777 1065 memoriam
803 1017 883 1064 sui
906 1016 1217 1080 praec-laram
1239 1033 1248 1062 :
1279 1015 1526 1061 virtutem
1551 1029 1656 1060 non
1680 1029 1752 1060 re-

198 1101 405 1165 liquere,
426 1118 589 1166 neque
613 1106 879 1165 poterant:
919 1117 978 1148 ea
1003 1100 1109 1148 sola
1133 1116 1297 1163 neque
1324 1098 1477 1146 datur
1502 1097 1650 1156 dono,
1671 1099 1753 1144 ne-

198 1201 297 1249 que
315 1185 574 1249 accipitur.
635 1184 906 1232 Sordidum
931 1200 1012 1231 me
1032 1188 1084 1231 et
1107 1183 1316 1230 incultis
1342 1181 1567 1228 moribus
1591 1180 1752 1238 aiunt,

201 1265 322 1329 quia
353 1265 694 1329 parumpscite
720 1264 1012 1311 convivium
1038 1279 1243 1322 exorno,
1270 1277 1433 1325 neque
1458 1260 1754 1307 histrionem

200 1348 378 1408 ullum,
427 1364 591 1412 neque
648 1347 810 1411 pluris
858 1346 1011 1410 pretii
1061 1362 1277 1409 coquum
1327 1361 1479 1409 quam
1527 1343 1755 1390 villicum

199 1432 360 1481 habeo
376 1449 390 1493 3
433 1449 562 1496 quae
598 1431 725 1479 mihi
766 1432 911 1478 lubet
947 1430 1188 1478 confiteri.
1266 1429 1319 1477 N
1323 1446 1404 1476 am
1441 1445 1507 1476 ex
1547 1431 1757 1491 parente

199 1531 311 1563 meo
336 1520 389 1563 et
421 1532 486 1563 ex
518 1515 633 1563 aliis
663 1515 853 1577 sanctis
877 1514 1002 1561 viris
1035 1514 1110 1561 ita
1135 1513 1320 1576 accepi,
1347 1511 1627 1559 munditias
1652 1526 1757 1557 mu-

199 1601 425 1660 lieribus,
469 1600 594 1648 viris
636 1600 860 1647 laborem
903 1598 1189 1657 convenire,
1234 1597 1568 1659 omnibusque
1611 1593 1756 1641 bonis

200 1690 432 1750 oportere
457 1685 573 1748 plus
597 1684 800 1748 gloriae,
823 1700 975 1747 quam
995 1682 1292 1730 divitiarum
1320 1696 1426 1728 esse
1439 1697 1452 1741 3
1477 1695 1633 1737 arma,
1654 1693 1758 1724 non

201 1768 567 1833 supellectilem
592 1767 762 1815 decori
787 1784 904 1815 esse.
973 1766 1111 1824 Quin
1136 1781 1253 1828 ergo
1279 1762 1414 1828 quod
1434 1762 1600 1825 juvat,
1623 1759 1759 1824 quod

202 1870 375 1901 carum
413 1852 700 1911 aestimant,
732 1851 786 1898 id
823 1867 1021 1914 semper
1057 1849 1281 1908 faciant,
1320 1851 1508 1905 ament,
1547 1848 1758 1909 potent3

203 1937 293 1987 ubi
328 1936 721 1985 adolescentiam
759 1935 997 1994 habuere,
1036 1933 1109 1980 ibi
1145 1936 1459 1980 senectutem
1496 1933 1666 1992 agant,
1705 1926 1760 1973 in

203 2021 467 2081 conviviis,
495 2020 657 2068 dediti
690 2019 862 2067 ventri
895 2023 947 2066 et
980 2016 1305 2080 turpissimae
1339 2013 1475 2078 parti
1508 2010 1730 2075 corporis
1746 2028 1760 2070 ,-

203 2105 454 2164 sudorem,
502 2091 780 2168 pulverem,
826 2107 879 2150 et
926 2101 1027 2148 alia
1073 2099 1213 2158 talia,
1256 2098 1552 2160 relinquant
1598 2093 1759 2151 nobis,

204 2188 389 2253 quibus
430 2188 522 2235 illa
559 2187 723 2251 epulis
755 2185 1062 2249 jucundiora
1098 2187 1232 2231 sunt.
1309 2181 1506 2228 Verum
1543 2194 1647 2241 non
1685 2182 1762 2224 est

205 2272 292 2320 ita.
383 2271 521 2319 Nam
570 2270 660 2318 ubi
708 2287 761 2318 se
808 2268 1016 2332 flagitiis
1065 2266 1430 2314 dedecoravere
1479 2260 1761 2325 turpissimi

206 2355 320 2414 viri,
362 2355 611 2402 bonorum
653 2353 880 2417 praemia
921 2356 1153 2415 ereptum
1196 2353 1332 2396 eunt.
1410 2345 1496 2393 Ita
1538 2342 1761 2407 injustis-

206 2438 331 2486 sime
378 2437 585 2485 luxuria
633 2442 686 2484 ct
733 2436 953 2500 ignavia,
1005 2434 1252 2498 pessimae
1300 2435 1451 2488 artes,
1502 2427 1619 2486 illis,
1669 2426 1758 2490 qui

207 2522 406 2570 coluere
442 2537 542 2580 eas,
568 2520 699 2568 nihil
732 2520 961 2568 officiunt
977 2536 990 2579 3
1028 2515 1336 2581 reipublicae
1366 2512 1605 2560 innoxiae
1632 2509 1763 2558 cladi

208 2611 339 2655 sunt.
417 2604 588 2663 Nunc,
614 2605 855 2668 quoniam
888 2603 1006 2661 illis,
1035 2604 1284 2665 quant-um
1317 2612 1482 2644 mores
1518 2594 1634 2652 mei,
1660 2609 1760 2640 non

208 2692 412 2739 illorum
437 2689 632 2752 flagitia
655 2689 946 2752 poscebant,
963 2683 1217 2748 respondi,
1235 2697 1397 2746 pauca
1416 2679 1477 2727 de
1502 2676 1761 2742 republica

210 2776 398 2839 loquar.
476 2771 704 2820 Primum
744 2771 971 2819 omnium
1009 2769 1071 2816 de
1105 2765 1355 2815 Numidia
1390 2765 1580 2811 bonum
1616 2761 1762 2808 habe·

211 2850 321 2906 tote
360 2856 603 2914 animum,
648 2854 886 2913 Quirites.
963 2852 1100 2900 Nam
1144 2865 1279 2914 quae,
1316 2847 1380 2895 ad
1427 2846 1521 2893 hoc
1563 2850 1763 2906 tempus
