1875 3117
224 140 252 186 2
574 138 955 188 SALLUSTJI
999 139 1135 188 JUG
1148 139 1400 188 URTJIA.

221 253 393 296 nostra
435 250 652 312 corporis
690 250 802 309 alia,
842 250 941 296 alia
978 250 1134 297 animi
1174 256 1406 297 naturam
1449 256 1738 315 sequuntur.

223 330 389 397 Igitur
426 332 680 394 praeclara
716 332 883 390 facies,
922 348 1130 395 magnae
1171 332 1393 392 divitiae,
1433 332 1496 380 ad
1536 333 1629 381 hoc
1665 335 1743 381 vis

222 412 439 474 corporis
463 413 562 459 alia
590 413 933 475 hujuscemodi
962 414 1128 460 omnia
1159 414 1301 461 brevi
1332 414 1626 462 dilabuntur
1639 433 1653 476 3
1689 423 1743 464 at

220 493 408 555 ingenii
433 494 629 557 egregia
654 495 877 541 facinora
901 495 1050 542 sicuti
1074 497 1242 543 anima
1273 496 1576 544 immortalia
1606 503 1737 545 sunt.

220 574 478 622 Postremo
504 577 721 639 corporis
746 581 797 623 et
821 576 1053 624 fortunae
1078 578 1320 624 bonorum
1346 582 1404 624 ut
1427 578 1645 637 initium,
1671 579 1740 626 sic

218 658 332 705 finis
361 664 451 717 est,
478 659 742 721 omniaque
767 665 877 706 orta
909 660 1157 720 occidunt,
1185 666 1236 708 et
1267 666 1416 708 aucta
1446 667 1740 721 senescunt,

218 732 413 787 animus
450 741 784 804 incorruptus,
822 747 1070 801 aeternus,
1108 748 1271 790 rector
1305 742 1513 790 humani
1547 743 1740 806 generis

216 823 320 884 agit
361 828 511 885 atque
553 823 705 870 habet
747 829 941 883 cuncta,
982 840 1143 887 neque
1184 825 1289 888 ipse
1329 825 1555 874 habetur.
1629 826 1740 883 Quo

216 906 371 967 magis
407 906 630 967 pravitas
667 922 836 952 eorum
874 905 1168 952 admiranda
1203 911 1293 964 est,
1325 907 1412 969 qui
1448 906 1606 954 dediti
1641 923 1740 955 cor-

215 989 348 1051 poris
366 989 561 1051 gaudiis
583 1006 672 1052 per
691 990 865 1035 luxum
886 995 1036 1052 atque
1056 989 1307 1052 ignaviam
1326 994 1541 1036 aetatem
1561 1004 1717 1052 agunt
1727 1009 1739 1051 3

216 1077 433 1118 ceterum
472 1072 742 1134 ingenium,
781 1089 879 1135 quo
918 1089 1078 1136 neque
1114 1072 1293 1119 melius
1328 1088 1489 1136 neque
1525 1073 1740 1136 amplius

192 1148 351 1201 *aliud
383 1156 437 1201 in
469 1162 651 1202 natura
679 1156 966 1202 mortalium
1000 1160 1090 1214 est,
1117 1155 1313 1202 incultu
1345 1160 1495 1218 atque
1520 1155 1741 1202 secordia

214 1244 490 1300 torpescere
510 1238 684 1284 sinunt
695 1255 708 1298 5
734 1255 887 1301 quum
912 1238 1204 1301 praesertim
1224 1242 1327 1284 tam
1348 1225 1536 1285 multae
1555 1238 1740 1285 variae-

213 1337 308 1383 que
334 1320 435 1367 sint
464 1326 596 1367 artes
620 1321 790 1378 animi,
817 1321 998 1382 quibus
1023 1336 1216 1367 summa
1241 1319 1487 1366 claritudo
1515 1324 1734 1383 paratur.

315 1403 419 1451 III.
495 1404 689 1451 Verum
726 1420 789 1451 ex
824 1404 903 1451 his
938 1404 1261 1466 magistratus
1297 1409 1349 1451 et
1384 1403 1607 1467 imperia,
1633 1419 1738 1467 pos-

212 1493 370 1533 tremo
396 1487 556 1533 omnis
582 1503 700 1533 cura
725 1503 891 1533 rerum
916 1486 1230 1549 publicarum
1254 1486 1460 1532 minime
1488 1485 1613 1532 mihi
1644 1485 1738 1532 hac

211 1554 507 1632 tempestate
532 1569 778 1632 cupienda
802 1569 1040 1616 videntur
1049 1586 1062 1629 3
1099 1568 1335 1631 quoniam
1368 1584 1528 1631 neque
1559 1568 1738 1615 virtuti

210 1652 366 1699 honos
402 1652 581 1712 datur,
618 1668 778 1715 neque
815 1652 904 1710 illi,
940 1652 1121 1714 quibus
1157 1667 1246 1714 per
1280 1650 1510 1698 fraudem
1542 1650 1589 1722 {s
1620 1650 1736 1710 fuit,

211 1734 384 1796 utique
417 1734 532 1793 tuti,
559 1739 649 1780 aut
681 1750 737 1781 eo
771 1734 928 1796 magis
960 1734 1158 1781 honesti
1191 1738 1322 1780 sunt.
1397 1732 1531 1780 Nam
1557 1733 1612 1780 vi
1633 1734 1737 1797 qui-

210 1816 322 1862 dem
347 1833 515 1879 regere
539 1818 754 1880 patriam
780 1823 869 1865 aut
893 1823 1125 1881 parentes
1150 1833 1450 1881 quamquam
1480 1821 1532 1863 et
1561 1817 1734 1880 possis,

210 1908 261 1948 ct
307 1901 491 1949 delicta
538 1904 767 1966 corrigas,
818 1910 988 1951 tamen
1034 1904 1379 1967 importunum
1427 1907 1532 1964 est3
1580 1919 1734 1966 quum

208 1985 501 2047 praesertim
543 2002 713 2033 omnes
751 2003 917 2033 rerum
953 1986 1258 2033 mutationes
1294 1985 1509 2044 caedem,
1547 1984 1733 2048 fugam,

209 2066 404 2129 aliaque
435 2066 637 2114 hostilia
661 2066 994 2130 portendant:
1031 2066 1220 2114 frustra
1244 2071 1412 2113 autem
1436 2065 1549 2124 niti,
1574 2082 1735 2128 neque

209 2148 346 2195 aliud
379 2165 430 2196 se
463 2148 722 2212 fatigando
758 2149 856 2196 nisi
891 2149 1061 2196 odium
1098 2163 1333 2212 quaerere
1369 2152 1622 2195 extremae
1657 2147 1735 2194 de-

208 2230 426 2278 mentiae
460 2236 536 2278 est
552 2249 565 2291 5
601 2231 700 2278 nisi
735 2231 866 2278 forte
898 2247 1045 2294 quem
1081 2230 1346 2281 inhonesta
1377 2235 1429 2277 et
1458 2230 1735 2293 perniciosa

208 2311 379 2359 lubido
420 2317 561 2360 tenet
600 2313 855 2376 potentiae
896 2329 1168 2376 paucorum
1209 2311 1360 2360 decus
1401 2316 1552 2375 atque
1592 2312 1735 2360 liber-

209 2400 365 2442 tatem
391 2413 533 2444 suam
558 2397 842 2459 gratificari.

312 2476 408 2525 IV.
484 2478 720 2526 Ceterum
753 2495 816 2525 ex
849 2478 961 2526 aliis
988 2479 1202 2542 negotiis
1226 2495 1353 2542 quae
1375 2478 1576 2542 ingenio
1598 2492 1733 2526 exer-

212 2563 402 2619 centur,
450 2560 505 2606 in
550 2560 726 2624 primis
772 2577 952 2623 magno
998 2561 1113 2608 usui
1158 2566 1235 2608 est
1279 2561 1519 2629 memoria
1566 2575 1731 2607 rerum

210 2645 492 2702 gestarum,
536 2643 678 2705 cujus
714 2643 776 2689 de
812 2643 1002 2690 virtute
1038 2644 1156 2707 quia
1190 2644 1340 2690 multi
1375 2643 1561 2702 dixere,
1597 2656 1732 2705 prae-

208 2723 508 2771 tereundum
567 2731 705 2788 puto,
766 2727 916 2773 simul
974 2743 1038 2774 ne
1094 2744 1184 2790 per
1246 2726 1562 2774 insolentiam
1621 2724 1733 2787 quis

209 2805 466 2855 existimet
505 2814 690 2856 memet
725 2809 949 2857 studium
984 2826 1150 2858 meum
1191 2810 1442 2859 laudando
1476 2808 1727 2857 extollere.
