1875 3117
168 179 193 226 6
511 176 899 226 SALLUSTII
940 176 1342 227 JUGURTHA.

163 309 374 356 quorum
407 292 621 338 alterum
654 307 718 338 ex
750 289 1067 353 providentia
1101 289 1346 349 timorem,
1379 289 1593 337 alterum
1625 307 1688 339 ex

163 374 373 421 audacia
405 374 739 421 temeritatem
765 372 960 419 adferre
993 373 1285 436 plerumque
1310 373 1448 420 solet.
1522 371 1690 436 Igitur

163 457 433 520 imperator
456 471 625 502 omnes
644 454 748 501 fere
773 471 849 501 res
873 470 1071 517 asperas
1094 471 1183 518 per
1200 454 1236 502 J
1241 454 1508 517 ugurtham
1527 470 1686 518 agere,

163 540 216 585 in
255 539 426 585 amicis
468 537 664 594 habere,
702 536 860 598 magis
897 536 1152 599 magisque
1189 536 1244 583 in
1280 536 1387 584 dies
1424 538 1687 603 amplecti;

162 620 345 683 quippe
383 619 524 680 cujus
560 634 719 680 neque
753 618 1015 665 consilium
1047 635 1207 681 neque
1239 619 1494 682 inceptum
1528 621 1684 668 ullum

162 702 352 749 frustra
398 706 517 747 erat.
593 700 712 747 Huc
753 700 1020 748 accedebat
1059 702 1403 750 munificentia
1441 704 1597 751 animi
1637 709 1689 751 et

163 783 352 845 ingenii
388 783 623 841 sollertia,
650 784 790 846 queis
823 784 970 830 rebus
1003 783 1098 830 sibi
1130 784 1315 831 multos
1347 801 1411 832 ex
1445 785 1688 834 Romanis

163 863 401 910 familiari
425 865 646 911 amicitia
671 866 1014 927 conjunxerat.

268 946 426 994 VIII.
503 947 578 994 Ea
619 952 917 1010 tempestate
963 948 1017 994 in
1064 948 1289 995 exercitu
1335 954 1507 996 nostro
1548 949 1689 997 fuere

164 1030 442 1093 complures
488 1030 607 1077 novi
649 1036 800 1093 atque
841 1031 1046 1090 nobiles,
1087 1032 1269 1095 quibus
1310 1031 1519 1080 divitiae
1557 1033 1689 1080 bono

162 1113 469 1176 honestoque
494 1114 711 1176 potiores
732 1119 889 1173 erant,
911 1114 1109 1161 factiosi
1133 1115 1283 1174 domi,
1302 1120 1533 1179 potentes
1555 1115 1686 1179 apud

161 1194 332 1252 500105,
364 1194 486 1241 clari
521 1196 678 1258 magis
714 1212 863 1258 quain
900 1195 1110 1255 honesti,
1142 1197 1230 1260 qui
1264 1196 1550 1259 Jugurthae
1584 1211 1689 1243 non

161 1276 458 1324 mediocrem
493 1278 715 1324 animum
747 1278 1073 1341 pollicitando
1097 1278 1450 1338 accendebant,
1478 1279 1562 1327 “si
1592 1278 1692 1326 Mi-

165 1360 300 1423 cipsa
332 1376 421 1407 rex
454 1360 729 1419 occidisset,
756 1361 878 1417 fore,
909 1362 986 1408 uti
1019 1361 1152 1408 solus
1188 1361 1387 1425 imperii
1418 1361 1691 1409 Numidiae

162 1442 437 1504 potiretur:
476 1443 529 1489 in
562 1444 668 1506 ipso
701 1444 970 1490 maximam
1006 1444 1265 1503 virtutem,
1300 1443 1492 1492 Romae
1523 1443 1692 1491 omnia

162 1525 360 1572 venalia
406 1525 554 1572 esse.⁷'
632 1525 729 1573 Sed
776 1532 1039 1589 postquam
1087 1525 1372 1573 Numantia
1417 1526 1582 1574 deleta
1629 1526 1684 1575 P.

164 1607 329 1670 Scipio
353 1607 607 1655 dimittere
639 1609 843 1668 auxilia,
870 1610 975 1673 ipse
1007 1610 1194 1657 reverti
1222 1610 1425 1657 domum
1450 1610 1688 1670 decrevit,

161 1689 402 1736 donatum
438 1694 589 1752 atque
620 1690 880 1737 laudatum
917 1692 1177 1754 magnifice
1208 1707 1300 1755 pro
1332 1692 1568 1740 concione
1598 1691 1635 1740 J
1638 1708 1691 1740 u-

161 1770 396 1833 gurtham
421 1771 474 1817 in
498 1773 802 1834 praetorium
828 1773 1042 1820 abduxit
1069 1774 1238 1837 ibique
1263 1779 1452 1821 secreto
1475 1774 1688 1832 monuit,

163 1856 191 1879 ⁴⁸·
210 1854 287 1900 uti
310 1854 477 1916 potius
508 1855 721 1917 publice,
748 1872 898 1918 quam
930 1857 1185 1920 privatim,
1212 1856 1485 1903 amicitiam
1514 1855 1686 1919 populi

163 1936 225 1983 R.
255 1936 438 1984 coleret
454 1954 468 1996 3
504 1953 603 1984 neu
627 1939 808 2000 quibus
840 1939 1012 2002 largiri
1043 1940 1348 1986 insuesceret
1365 1957 1379 2000 3
1413 1939 1690 2002 periculose

161 2033 191 2063 a
214 2017 387 2079 paucis
411 2017 523 2076 emi,
549 2018 681 2080 quod
705 2020 979 2066 multorum
1005 2025 1163 2068 esset:
1201 2020 1243 2067 51
1274 2035 1565 2083 permanere
1589 2019 1691 2068 vel-

160 2101 232 2147 let
255 2100 309 2146 in
333 2101 436 2147 suis
460 2102 667 2159 artibus,
694 2103 827 2150 ultro
851 2103 928 2150 issi
952 2108 1003 2150 et
1024 2104 1233 2166 gloriam
1258 2108 1310 2151 et
1337 2119 1547 2166 regnum
1570 2119 1688 2150 ven-

161 2190 333 2232 turum
350 2202 363 2245 3
393 2185 472 2232 5111
495 2186 845 2248 properantius
868 2191 1111 2250 pergeret,
1137 2192 1332 2234 suamet
1354 2187 1520 2250 ipsum
1543 2203 1687 2251 pecu·

161 2266 247 2313 nia
268 2267 592 2330 praecipitem
618 2269 892 2316 casurum.''

265 2349 362 2396 IX.
438 2349 520 2397 Sic
551 2350 763 2410 locutus,
791 2368 903 2398 cum
932 2351 1116 2399 litteris
1140 2368 1270 2412 eum,
1295 2369 1420 2416 quas
1443 2353 1689 2418 Micipsae

160 2429 405 2490 redderet,
449 2430 668 2479 dimisit:
711 2448 883 2479 earum
924 2434 1176 2480 sententia
1215 2433 1337 2481 haec
1377 2440 1514 2484 erat:
1559 2435 1635 2485 “J
1636 2452 1688 2483 u·

161 2511 373 2574 gurthae
420 2513 498 2559 tui
543 2513 675 2561 bello
716 2513 1034 2562 Numantino
1075 2515 1220 2578 longe
1260 2517 1481 2565 maxima
1525 2517 1690 2565 virtus

159 2595 290 2655 fuit3
327 2612 476 2659 quam
509 2613 614 2644 rem
646 2598 743 2645 tibi
774 2603 909 2645 certo
939 2598 1040 2645 scio
1071 2598 1254 2661 gaudio
1286 2616 1414 2648 esse:
1450 2600 1595 2648 nobis
1625 2600 1689 2647 ob

161 2678 342 2725 merita
388 2694 532 2727 carus
578 2685 684 2741 est3
743 2681 822 2728 uti
867 2681 1000 2728 idem
1048 2682 1247 2729 senatui
1293 2684 1361 2730 sit
1407 2688 1460 2731 et
1503 2683 1689 2747 populo

166 2761 409 2822 Romano,
429 2779 623 2811 summa
647 2781 739 2829 ope
762 2766 997 2814 nitemur.
1047 2766 1161 2814 Tibi
1183 2768 1385 2830 quidem
1408 2784 1499 2832 pro
1516 2771 1690 2815 nostra

161 2843 381 2891 amicitia
409 2846 644 2907 gratulor.
721 2847 803 2894 En
832 2847 985 2896 habes
1017 2848 1182 2907 virum
1217 2849 1425 2913 dignum
1455 2854 1509 2898 te
1537 2853 1691 2913 atque
