1875 3117
237 158 264 201 4
575 154 744 202 SALL
758 153 917 201 USTI
915 154 952 200 I
991 154 1035 200 J
1042 154 1087 200 U
1090 155 1130 202 G
1141 154 1391 201 URTHA.

233 280 383 322 mum,
409 263 525 328 quia
558 279 791 324 magnum
823 267 874 308 et
905 267 1062 320 atrox,
1097 263 1330 325 variaque
1361 247 1569 328 victori-,a⁴
1599 263 1728 323 fuit3

233 343 361 402 dein,
392 327 507 407 quia
541 349 649 390 tum
684 345 897 406 primum
935 344 1190 406 superbiae
1223 345 1499 391 nobilitatis
1534 345 1729 391 obviam

232 425 359 488 itum
401 431 475 472 est
491 443 504 485 3
546 442 670 488 quae
712 413 961 471 contentio
1003 425 1173 472 divina
1214 431 1264 472 et
1303 426 1519 473 humana
1553 433 1731 474 cuncta

231 507 531 569 permiscuit,
558 523 710 568 eoque
743 506 997 552 vecordiae
1028 508 1277 568 processit,
1303 507 1379 553 uti
1411 507 1588 553 studiis
1617 507 1730 553 civi-

232 589 362 635 libus
384 589 568 634 bellum
593 593 741 649 atque
764 588 972 634 vastitas
997 587 1175 635 Italiae
1198 589 1346 635 finem
1370 589 1566 636 faceret.
1635 588 1730 635 Sed

231 669 516 731 priusquam
563 668 901 730 hujuscemodi
945 669 1018 715 rei
1063 670 1261 715 initium
1309 670 1529 732 expedio,
1574 687 1731 733 pauca

233 767 380 812 supra
403 755 650 812 repetam,
687 766 783 812 quo
816 750 878 796 ad
911 751 1298 812 cognoscendum
1323 752 1486 798 omnia
1518 752 1731 798 illustria

232 830 400 891 magis,
420 830 671 891 magisque
695 830 748 875 in
767 835 936 891 aperto
961 831 1073 876 sint.
1136 830 1276 876 Bello
1295 830 1483 877 Punico
1502 831 1728 889 secundo,

232 927 328 972 quo
361 911 463 956 dux
497 911 977 972 Carthaginiensium
1011 911 1270 958 Hannibal
1300 917 1412 974 post
1438 913 1732 974 magnitudi-

234 1008 347 1038 nem
378 992 591 1038 nominis
624 991 839 1037 Romani
871 992 1049 1038 Italiae
1081 1009 1195 1054 opes
1218 993 1432 1038 maxime
1455 993 1729 1050 attriverat,

233 1071 498 1118 Masinissa
535 1088 623 1118 rex
665 1071 1013 1130 Numidarum,
1051 1072 1104 1117 in
1139 1072 1406 1118 amicitiam
1444 1076 1670 1134 receptus
1704 1089 1732 1118 a

232 1154 286 1201 P.
317 1155 558 1216 Scipione,
586 1154 665 1200 cui
696 1160 866 1216 postea
889 1153 1130 1199 Africano
1164 1170 1432 1215 cognomen
1460 1169 1522 1199 ex
1545 1153 1732 1199 virtute

232 1235 344 1293 fuit,
370 1235 528 1281 multa
560 1240 610 1280 et
640 1235 891 1296 praeclara
922 1235 993 1280 rei
1024 1235 1253 1281 militaris
1277 1234 1496 1281 facinora
1519 1234 1731 1287 fecerat;

232 1317 293 1362 ob
335 1332 459 1377 quae
500 1315 645 1361 victis
688 1315 1176 1376 Carthaginiensibus
1217 1321 1267 1362 et
1308 1322 1451 1377 capto
1493 1315 1729 1378 Syphace,

233 1395 372 1455 cujus
403 1395 456 1440 in
481 1394 657 1440 Africa
688 1410 921 1455 magnum
954 1400 1102 1456 atque
1134 1395 1232 1441 late
1264 1396 1524 1457 imperium
1555 1395 1729 1451 valuit,

230 1460 442 1537 populus
483 1475 738 1521 Romanus
774 1492 1104 1537 quascumque
1140 1477 1285 1522 urbes
1322 1482 1372 1522 et
1407 1492 1547 1538 agros
1581 1492 1731 1521 manu

232 1562 426 1618 ceperat
461 1557 563 1618 regi
599 1556 726 1602 dono
762 1556 910 1603 dedit.
986 1557 1149 1619 Igitur
1185 1558 1403 1604 amicitia
1439 1557 1731 1604 Masinissae

230 1637 358 1682 bona
382 1642 530 1698 atque
554 1636 759 1698 honesta
783 1637 923 1683 nobis
947 1638 1217 1699 permansit
1237 1655 1245 1683 :
1282 1637 1477 1699 imperii
1503 1637 1731 1699 vitaeque

231 1718 336 1778 ejus
376 1718 489 1764 finis
533 1718 663 1763 idem
704 1718 814 1765 fuit.
889 1718 1021 1765 Dein
1068 1719 1294 1781 Micipsa,
1337 1720 1483 1778 filius,
1525 1735 1729 1780 regnum

230 1800 362 1845 solus
386 1799 616 1858 obtinuit,
634 1799 977 1846 Mastanabale
1001 1806 1051 1846 et-
1070 1800 1284 1847 Gulussa
1301 1800 1539 1846 fratribus
1561 1800 1730 1846 morbo

230 1880 481 1926 absumtis.
555 1880 608 1926 Is
632 1881 967 1927 Adherbalem
993 1887 1043 1927 et
1075 1869 1414 1943 Hiempsalem
1439 1897 1501 1927 ex
1529 1896 1632 1927 sese
1654 1896 1730 1942 ge-

229 1961 354 2019 nuit,
375 1961 410 2007 J
416 1961 789 2023 ugurthamque,
816 1962 1173 2008 Mastanabalis
1196 1962 1365 2008 fratris
1387 1962 1559 2019 filium,
1585 1976 1729 2022 quem

233 2041 512 2099 Masinissa,
553 2042 682 2103 quod
724 2047 861 2088 ortus
901 2058 963 2088 ex
1005 2043 1276 2088 concubina
1316 2047 1436 2100 erat,
1477 2040 1727 2103 privatum

230 2122 572 2185 dereliquerat,
603 2123 771 2169 eodem
804 2124 956 2182 cultu,
987 2140 1083 2185 quo
1114 2124 1292 2169 liberos
1325 2140 1451 2181 suos,
1482 2123 1615 2170 domi
1648 2124 1729 2170 ha-

230 2204 350 2250 buit.

330 2285 424 2332 VI.
500 2285 598 2342 Qui
622 2286 708 2331 ubi
731 2286 945 2348 primum
970 2286 1200 2344 adolevit,
1220 2286 1410 2348 pollens
1428 2286 1632 2345 viribus,
1652 2286 1728 2333 de-

230 2381 342 2412 cora
363 2366 503 2425 facie,
530 2366 614 2413 sed
645 2367 803 2413 multo
834 2367 1048 2413 maxime
1079 2367 1276 2429 ingenio
1308 2367 1516 2425 validus,
1546 2383 1648 2414 non
1677 2382 1728 2413 se

228 2447 366 2506 luxu,
400 2464 558 2510 neque
597 2449 806 2494 inertiae
847 2448 1256 2510 corrumpendum
1298 2447 1463 2508 dedit3
1509 2447 1609 2506 sed,
1651 2448 1727 2493 uti

228 2544 332 2575 mos
377 2530 538 2590 gentis
583 2530 717 2576 illius
758 2535 846 2588 est,
890 2529 1124 2591 equitare,
1161 2529 1386 2590 jaculari,
1429 2544 1576 2575 cursu
1615 2542 1725 2573 cum

228 2611 513 2672 aequalibus
554 2616 755 2670 certare,
795 2616 845 2658 et
891 2627 1042 2673 quum
1088 2626 1255 2657 omnes
1300 2611 1456 2672 gloria
1499 2605 1724 2665 anteiret,

228 2692 454 2738 omnibus
486 2697 653 2739 tamen
685 2709 826 2740 carus
857 2709 988 2740 esse:
1025 2692 1088 2739 ad
1119 2692 1210 2738 hoc
1245 2692 1476 2754 pleraque
1506 2694 1727 2752 tempora

228 2774 282 2818 in
303 2773 528 2820 venando
561 2790 717 2836 agere,
742 2774 931 2821 leonem
956 2779 1104 2836 atque
1127 2773 1248 2819 alias
1271 2772 1401 2820 feras
1427 2771 1615 2834 primus
1638 2774 1726 2816 aut
