1875 3133
485 115 662 165 SALL
678 117 878 166 USTII
919 117 1328 170 JUGURTHA.
1615 124 1674 170 21

144 229 307 278 tentia
330 229 452 277 haec
477 229 601 278 fuit:
642 230 802 277 “Non
826 247 938 278 mea
962 232 1110 295 culpa
1128 249 1274 296 saepe
1294 233 1358 281 ad
1376 250 1463 282 vos
1482 240 1679 283 oratum

145 314 308 375 mitto,
349 313 528 361 Patres
575 314 861 378 conscripti,
902 315 988 363 sed
1024 317 1102 364 vis
1137 316 1174 364 J
1179 317 1426 380 ugurthae
1463 319 1650 383 subigit
1668 339 1680 381 3

143 412 292 460 quem
315 401 462 444 tanta
485 396 659 445 lubido
684 399 1041 461 exstinguendi
1065 416 1144 447 me
1177 400 1380 461 invasit,
1407 402 1485 449 uti
1520 419 1681 466 neque

143 495 247 539 vos,
272 496 435 543 neque
458 479 577 527 deos
601 480 910 529 immortales
942 482 996 529 in
1031 482 1199 530 animo
1235 482 1420 530 habeat
1436 500 1449 544 3
1487 485 1681 547 sangui-

141 578 257 610 nem
281 579 465 622 meum,
491 579 642 627 quam
667 564 850 624 omnia,
878 566 1034 613 malit.
1112 565 1295 630 Itaque
1321 567 1555 630 quintum
1575 569 1679 631 jam

141 663 363 694 mensem
412 647 576 695 socius
612 652 664 695 et
699 649 890 696 amicus
926 649 1101 713 populi
1144 650 1365 697 Romani
1413 652 1565 699 armis
1602 653 1682 699 ob-

141 747 305 779 sessus
340 736 516 779 teneor
532 749 546 793 3
583 748 745 795 neque
782 733 907 779 mihi
944 733 1191 797 Micipsae
1227 734 1387 797 patris
1423 735 1679 795 beneficia,

140 831 302 879 neque
352 821 523 863 vestra
572 815 774 863 decreta
824 816 1140 863 auxiiiantur
1158 835 1170 878 3
1225 817 1373 877 ferro,
1423 835 1490 865 an
1530 818 1678 878 fame,

139 899 305 948 acrius
329 916 523 963 urgear,
549 899 773 946 incertus
798 916 920 946 sum.
997 899 1154 947 Plura
1190 900 1251 948 de
1284 901 1319 948 J
1325 901 1543 964 ugurtha
1568 903 1680 949 scri-

138 983 255 1030 bere
303 982 602 1030 dehortatur
650 998 730 1029 me
772 982 979 1029 fortuna
1021 999 1132 1030 mea
1148 1001 1161 1044 3
1213 984 1366 1031 etiam
1413 990 1564 1032 antea
1600 1002 1680 1033 ex-

137 1071 312 1130 pertus
337 1083 464 1126 sum,
489 1083 668 1130 parum
705 1066 824 1133 fidei
859 1067 1055 1114 miseris
1092 1084 1198 1116 esse
1217 1085 1229 1129 3
1267 1069 1365 1116 nisi
1402 1074 1573 1117 tamen
1609 1070 1681 1116 in-

137 1151 326 1214 telligo,
371 1151 516 1198 illum
568 1168 721 1215 supra
771 1167 922 1215 quam
974 1167 1064 1215 ego
1119 1169 1229 1199 sum
1280 1158 1465 1216 petere,
1518 1170 1679 1218 neque

137 1234 288 1282 simul
329 1234 605 1281 amicitiam
637 1239 858 1282 vestram
902 1240 954 1282 et
991 1252 1202 1298 regnum
1238 1253 1406 1284 meum
1443 1254 1674 1301 sperare:

136 1322 309 1366 utrum
341 1318 546 1382 gravius
582 1318 855 1378 existimet,
882 1319 1074 1366 nemini
1098 1320 1351 1368 occultum
1378 1326 1465 1368 est.
1543 1321 1677 1369 Nam

135 1402 283 1450 initio
308 1402 492 1450 occidit
517 1402 866 1466 Hiempsalem
903 1402 1113 1450 fratrem
1140 1420 1308 1451 meum
1325 1422 1338 1466 3
1378 1403 1560 1452 deinde
1596 1422 1676 1469 pa-

136 1486 236 1534 trio
260 1502 414 1550 regno
439 1503 519 1534 me
545 1486 743 1550 expulit
757 1503 967 1550 :—quae
993 1504 1112 1535 sane
1140 1488 1334 1536 fuerint
1369 1494 1571 1538 nostrae
1607 1491 1678 1537 in-

129 1567 310 1630 juriae,
349 1568 478 1616 nihil
514 1569 578 1616 ad
614 1586 716 1617 vos.
794 1569 990 1618 Verum
1032 1588 1167 1619 nunc
1204 1578 1428 1620 vestrum
1466 1590 1675 1638 regnum

134 1651 288 1699 armis
330 1656 501 1714 tenet3
556 1669 651 1712 me,
698 1670 847 1716 quem
891 1671 981 1702 vos
1030 1656 1383 1720 imperatorem
1436 1659 1676 1708 Numidis

132 1736 386 1798 posuistis,
425 1737 651 1784 clausum
694 1738 890 1785 obsidet
907 1756 920 1799 3
968 1739 1247 1803 legatorum
1296 1742 1451 1789 verba
1497 1745 1676 1806 quanti

131 1818 310 1866 fecerit
350 1820 574 1883 pericula
611 1837 722 1868 mea
764 1821 1033 1870 declarant.
1111 1824 1246 1882 Quid
1284 1825 1550 1889 reliquum,
1576 1828 1674 1875 nisi

131 1903 209 1951 vis
227 1908 411 1963 vestra,
430 1920 528 1967 quo
546 1905 738 1953 moveri
752 1906 942 1969 possit?
1001 1907 1137 1954 Nam
1157 1924 1247 1972 ego
1268 1908 1470 1971 quidem
1490 1911 1670 1958 vellem

130 1991 183 2033 et
197 1986 335 2047 haec,
354 2004 480 2051 quae
497 1988 674 2048 scribo,
693 1994 744 2036 et
759 1989 861 2049 illa,
880 2007 1007 2053 quae
1027 1997 1177 2039 antea
1192 1992 1247 2038 in
1267 1999 1446 2041 senatu
1467 2000 1673 2058 questus

130 2085 257 2129 sum,
283 2086 416 2117 vana
440 2069 610 2118 forent
641 2072 825 2136 potius,
854 2090 1003 2137 quam
1028 2074 1231 2122 miseria
1254 2092 1366 2123 mea
1391 2076 1540 2124 fidem
1567 2093 1671 2124 ver-

129 2153 207 2201 bis
231 2153 432 2202 faceret.
510 2154 608 2202 Sed
634 2157 871 2220 quoniam
905 2174 963 2204 eo
988 2163 1139 2205 natus
1164 2175 1274 2206 sum
1301 2165 1359 2206 ut
1384 2160 1420 2207 J
1425 2161 1670 2223 ugurthae

129 2237 374 2286 scelerum
423 2240 648 2287 ostentui
700 2257 874 2301 essem,
925 2259 1028 2289 non
1078 2243 1184 2305 jam
1240 2249 1452 2290 mortem
1508 2260 1669 2307 neque

128 2335 409 2381 aerumnas,
434 2323 787 2371 tantummodo
812 2324 1005 2372 inimici
1037 2326 1303 2389 imperium
1330 2332 1382 2374 et
1417 2328 1669 2374 cruciatus

129 2401 349 2465 corporis
390 2402 639 2467 deprecor.
718 2405 897 2470 Regno
939 2407 1229 2468 Numidiae,
1271 2409 1404 2472 quod
1443 2415 1665 2458 vestrum

127 2489 218 2543 est,
245 2485 323 2532 uti
345 2484 501 2546 lubet,
529 2489 798 2551 consulite3
835 2507 914 2538 me
940 2508 1003 2539 ex
1022 2493 1255 2540 manibus
1280 2493 1447 2556 impiis
1471 2495 1664 2558 eripite,

127 2584 216 2632 per
250 2567 565 2630 majestatem
607 2571 821 2635 imperii,
861 2591 952 2638 per
993 2575 1244 2622 amicitiae
1283 2576 1448 2637 fidem,
1484 2579 1527 2626 si
1564 2581 1666 2628 ulla

127 2650 262 2715 apud
287 2667 376 2698 vos
401 2655 641 2702 memoria
664 2664 891 2704 remanet
915 2659 999 2705 avi
1024 2659 1122 2705 mei
1148 2658 1493 2709 Masinissae.''

229 2735 406 2784 XXV.
483 2736 585 2785 His
621 2739 806 2788 litteris
842 2743 1066 2791 recitatis
1090 2743 1246 2803 fuere,
1274 2746 1360 2808 qui
1385 2747 1658 2794 exercitum

127 2819 181 2867 in
226 2817 459 2866 Africam
496 2819 801 2869 mittendum
840 2830 1115 2884 censerent,
1154 2831 1204 2872 ct
1247 2843 1395 2889 quam
1443 2829 1659 2892 primum
