1875 3133
431 109 814 161 SALLUSTJI
854 107 1255 158 JUGURTHA.
1557 107 1617 154 91

87 241 201 273 cum
235 224 403 272 animo
428 240 519 271 suo
542 223 747 271 volvere
772 222 991 281 solitum,
1017 220 1328 284 ‚Iugurtham
1362 218 1622 277 RomaniS,

88 326 154 357 an
194 308 271 357 illi
318 307 526 367 Sullam,
570 306 827 366 traderet;
876 305 1152 352 lubidinem
1202 303 1468 351 adversum
1516 318 1622 361 nos,

88 397 278 459 metum
315 407 407 456 pro
441 390 587 438 nobis
623 389 849 436 suasisse.

192 476 333 525 CIX.
409 474 578 538 Igitur
619 473 761 521 Sulla
801 471 1075 536 respondit,
1118 475 1325 534 “pauca
1365 485 1417 516 se
1459 485 1624 516 coram

89 559 288 624 Aspare
311 558 623 616 locuturum3
650 561 816 604 cetera
841 554 1049 612 occulte,
1071 559 1160 600 aut
1185 552 1339 610 nullo,
1361 557 1452 598 aut
1475 567 1625 614 quam

89 641 403 707 paucissimis
432 639 781 704 praesentibus
797 656 810 699 3
829 638 852 657 ''

90 724 468 790 sponderentur.
562 722 836 785 Postquam
886 721 1036 768 sicuti
1083 719 1314 766 voluerat
1360 717 1625 780 congressi,

90 806 231 865 dicit,
258 809 288 832 “
307 821 360 853 se
388 805 595 852 missum
630 820 660 850 a
692 802 895 850 consule
927 802 1122 849 venisse
1156 800 1438 864 quaesitum
1463 799 1528 846 ab
1552 814 1627 858 eo,

90 904 264 953 pacem
311 903 377 935 an
422 885 610 933 bellum
660 885 946 948 agitaturus
987 882 1162 930 foret.’'
1233 882 1360 929 Tum
1403 897 1509 940 rex,
1550 880 1629 928 uti

91 974 414 1036 praeceptum
451 968 634 1026 fuerat,
660 972 776 1031 post
811 967 943 1013 diem
977 966 1225 1013 decimum
1259 965 1422 1012 redire
1450 965 1598 1027 jubet
1614 982 1628 1026 5

886 637 1035 684 simul
1060 636 1248 694 edocet,
1276 651 1402 698 quae
1427 634 1523 681 sibi
1555 650 1628 680 re-

93 1072 167 1115 ac,
202 1055 332 1103 nihil
369 1056 521 1103 etiam
564 1071 699 1102 nunc
736 1054 1029 1112 decrevisse,
1069 1052 1155 1100 sed
1192 1052 1278 1099 illo
1314 1051 1395 1098 die
1431 1067 1630 1114 respon-

93 1156 279 1187 surum.
354 1138 553 1187 Deinde
601 1138 748 1185 ambo
795 1137 850 1184 in
892 1153 982 1183 sua
1025 1141 1189 1182 castra
1234 1134 1454 1197 digressi.
1532 1133 1628 1180 Sed

95 1224 183 1271 ubi
205 1223 500 1288 plerumque
524 1222 687 1269 noctis
712 1221 955 1285 processit
988 1220 1127 1267 Sulla
1153 1237 1183 1266 a
1214 1219 1412 1267 Boccho
1437 1218 1630 1266 occulte

95 1306 396 1366 accersitur;
444 1306 508 1353 ab
550 1310 764 1368 utroque
807 1303 1158 1351 tantummodo
1200 1302 1288 1349 fidi
1330 1302 1632 1365 interpretes

95 1389 422 1448 adhibentur3
447 1394 707 1453 praeterea
731 1387 906 1435 Dabar
930 1386 1296 1444 internuncius,
1314 1390 1518 1453 sanctus
1536 1385 1629 1442 vir,

95 1478 148 1520 et
170 1488 235 1520 ex
259 1472 513 1519 sententia
536 1471 790 1518 ambobus.
867 1470 948 1517 Ac
975 1470 1146 1516 statim
1174 1469 1243 1515 sic
1268 1485 1358 1515 rex
1383 1467 1590 1530 incipit:

199 1553 309 1602 CX.
386 1553 726 1616 “Numquam
770 1568 860 1614 ego
901 1558 1043 1598 ratus
1091 1567 1200 1598 sum
1250 1549 1373 1607 fore,
1418 1549 1494 1595 uti
1543 1535 1630 1595 rei<

97 1637 348 1684 maximus
380 1636 434 1683 in
466 1635 559 1683 hac
593 1641 728 1682 terra
761 1642 813 1681 et
848 1635 1088 1691 omnium,
1115 1650 1239 1696 quos
1274 1633 1408 1688 novi,
1434 1632 1634 1695 privato

97 1718 289 1767 homini
324 1718 537 1782 gratiam
575 1717 819 1764 deberem.
897 1717 965 1763 Et
1001 1716 1297 1772 mehercule,
1330 1715 1484 1772 Sulla,
1516 1720 1633 1760 ante

97 1807 150 1849 te
173 1802 446 1865 cognitum,
472 1800 647 1848 multis
672 1800 948 1857 orantibus,
975 1799 1087 1846 aliis
1112 1799 1246 1845 ultro
1271 1803 1466 1860 egomet
1490 1813 1632 1860 opem

98 1885 211 1945 tuli,
236 1885 428 1933 nullius
460 1884 667 1947 indigui.
745 1883 807 1931 Id
841 1884 1182 1940 imminutum,
1210 1882 1342 1946 quod
1377 1882 1529 1929 ceteri
1554 1881 1635 1929 do-

98 1968 201 2016 lere
232 1968 411 2027 solent,
446 1984 537 2031 ego
569 1967 758 2027 laetor;
795 1966 951 2014 fuerit
983 1966 1106 2013 mihi
1146 1963 1407 2032 [pretium]
1442 1965 1635 2028 eguisse

100 2051 371 2116 aliquando
411 2052 663 2099 amicitiae
706 2057 839 2110 tuae,
884 2067 983 2114 qua
1025 2050 1158 2114 apud
1201 2051 1423 2097 animum
1468 2066 1632 2096 meum

100 2133 228 2182 nihil
275 2134 441 2182 carius
487 2133 658 2181 habeo.
736 2133 799 2180 Id
848 2132 972 2179 adeo
1019 2132 1236 2195 experiri
1284 2132 1431 2179 licet:
1480 2149 1634 2189 arma,

102 2215 252 2274 vitoe,
270 2216 551 2280 pecuniam,
567 2222 819 2280 postremo
840 2215 1084 2279 quidquid
1110 2215 1277 2262 animo
1302 2215 1457 2273 lubet,
1479 2231 1634 2272 sume,

103 2303 268 2358 utere;
291 2303 359 2357 et,
375 2298 539 2363 quoad
559 2299 716 2357 vives,
734 2316 1007 2362 numquam
1034 2299 1129 2346 tibi
1155 2299 1401 2346 redditam
1422 2299 1634 2360 gratiam

103 2380 362 2444 putaveris
372 2398 384 2439 ;
409 2397 603 2445 semper
627 2381 760 2445 apud
787 2398 865 2429 me
891 2382 1087 2444 integra
1106 2382 1226 2428 erit:
1253 2381 1467 2444 denique
1491 2380 1635 2437 nihil,

103 2478 184 2509 me
218 2461 423 2522 sciente,
453 2461 645 2510 frustra
680 2463 829 2510 voles.
906 2463 1057 2521 Nam,
1092 2469 1151 2509 ut
1186 2478 1275 2525 ego
1311 2461 1536 2519 aestimo,
1567 2477 1638 2507 rc-

102 2560 214 2608 gem
239 2543 392 2592 armis
415 2560 565 2608 quam
590 2546 937 2593 munificentia
962 2546 1095 2592 vinci
1126 2546 1292 2592 minus
1318 2544 1632 2607 flagitiosum.

105 2625 340 2675 Ceterum
365 2625 428 2674 de
452 2642 506 2674 re
530 2627 732 2690 publica
750 2634 932 2686 vestra,
955 2645 1012 2674 cu
1013 2629 1097 2690 jus
1117 2632 1318 2674 curator
1340 2626 1439 2674 huc
1457 2626 1638 2673 missus

104 2723 174 2767 es,
199 2707 372 2772 paucis
403 2707 584 2771 accipe.
659 2708 859 2756 Bellum
893 2726 983 2773 ego
1012 2709 1196 2773 populo
1222 2709 1453 2756 Romano
1476 2724 1637 2772 neque

104 2789 219 2850 feci,
249 2806 412 2855 neque
442 2789 634 2839 factum
668 2807 905 2855 umquam
943 2792 1080 2839 volui
1098 2810 1111 2852 ;
1148 2792 1271 2840 fines
1300 2808 1435 2840 meos
1467 2790 1637 2839 adver-
