1875 3133
493 142 875 192 SALLUSTII
917 140 1317 192 JUGURTHA.
1645 143 1673 189 ‘a'

144 269 240 302 avo
287 269 378 302 suo
418 252 733 301 Masinissa.''
805 251 974 315 Igitur
1013 268 1103 299 rex
1143 251 1232 299 ubi
1272 268 1333 299 ea
1372 267 1499 315 quae
1541 250 1676 298 fama

144 341 418 400 acceperat,
458 351 522 383 ex
562 335 747 382 litteris
793 334 1109 398 imperatoris
1155 334 1230 381 ita
1278 351 1384 382 esse
1425 335 1673 398 cognovit,

144 435 300 482 quum
332 419 523 465 virtute
554 417 654 464 viri
682 422 792 464 tum
815 418 980 481 gratia
1003 422 1260 481 permotus
1285 416 1429 464 flexit
1451 417 1674 464 animum

144 518 291 550 suum
327 506 380 549 et
409 500 718 564 «Iugurtham
754 501 1008 548 beneficiis
1041 500 1242 547 vincere
1274 499 1538 563 adgressus
1570 506 1676 559 est;

143 583 415 647 statimque
455 599 570 630 eum
606 581 871 646 adoptavit
908 590 959 629 et
999 587 1302 630 testamento
1337 581 1528 645 pariter
1563 597 1674 628 cum

143 664 262 712 filiis
294 663 528 722 heredem
563 664 802 712 instituit.
878 664 976 712 Sed
1012 665 1117 728 ipse
1153 680 1338 728 paucos
1373 669 1488 727 post
1519 679 1677 711 annos

142 747 316 796 morbo
350 752 503 811 atque
537 752 704 795 aetate
740 747 998 796 confectus
1035 764 1190 811 quum
1227 747 1324 794 sibi
1356 748 1507 795 finem
1540 747 1676 794 vitae

140 830 315 879 adesse
360 831 679 895 intelligeret,
728 848 893 879 coram
941 833 1114 879 amicis
1161 837 1213 879 et
1265 831 1505 894 cognatis,
1554 830 1674 878 item

142 910 434 960 Adherbale
478 918 531 959 et
578 911 872 976 Hiempsale
919 913 1052 972 filiis,
1096 912 1283 960 dicitur
1330 911 1675 975 hujuscemodi

143 995 296 1043 verba
319 1011 433 1043 cum
457 995 493 1043 J
497 996 715 1059 ugurtha
740 996 985 1044 habuisse.

242 1077 311 1126 X.
388 1078 648 1125 “Parvum
673 1094 778 1141 eg0,
797 1078 835 1126 J
839 1078 1072 1142 ugurtha,
1092 1083 1159 1138 te,
1181 1077 1362 1126 amisso
1387 1082 1545 1142 patre,
1567 1078 1674 1126 sine

140 1176 242 1224 spe,
268 1160 377 1208 sine
405 1161 584 1224 opibus
615 1160 670 1207 in
701 1177 868 1208 meum
903 1177 1111 1224 regnum
1144 1161 1314 1224 accepi
1329 1177 1342 1221 3
1380 1160 1675 1208 existimans

139 1257 241 1288 non
264 1241 432 1289 minus
455 1258 535 1290 me
559 1242 655 1289 tibi
678 1259 828 1306 quam
854 1243 1039 1302 liberis,
1061 1243 1103 1290 si
1126 1243 1428 1306 genuissem,
1443 1243 1506 1289 ob
1529 1242 1673 1290 bene-

138 1324 252 1372 ficia
298 1341 468 1372 carum
517 1324 654 1373 fore:
702 1342 864 1389 neque
906 1342 965 1374 ea
1005 1343 1084 1374 res
1126 1325 1311 1373 falsum
1354 1341 1434 1373 me
1474 1325 1666 1373 habuit.

138 1407 290 1468 Nam,
327 1413 387 1456 ut
423 1408 524 1456 alia
560 1425 743 1472 magna
778 1414 831 1457 et
867 1410 1065 1473 egregia
1100 1414 1191 1457 tua
1225 1410 1474 1469 omittam,
1511 1409 1672 1456 novis-

137 1490 262 1539 sime
292 1491 492 1539 rediens
515 1491 799 1539 Numantia
830 1509 1008 1556 meque
1041 1509 1349 1557 regnumque
1381 1509 1548 1540 meum
1573 1493 1672 1556 glo-

136 1574 212 1622 ria
234 1573 547 1623 honoravisti
562 1593 576 1637 3
608 1581 700 1623 tua
722 1577 914 1624 virtute
946 1577 1092 1625 nobis
1121 1578 1378 1625 Romanos
1407 1593 1471 1625 ex
1499 1578 1672 1624 amicis

135 1656 461 1705 amicissimos
484 1656 680 1719 fecisti3
711 1658 767 1706 in
791 1657 1046 1722 Hispania
1075 1675 1259 1706 nomen
1284 1658 1505 1706 familiae
1534 1675 1672 1706 reno·

135 1745 310 1788 vatum
345 1744 453 1800 est3
498 1745 765 1803 postremo,
802 1740 937 1804 quod
978 1740 1328 1788 difficillimum
1370 1741 1505 1788 inter
1545 1757 1670 1788 mor-

134 1823 262 1873 tales
285 1829 377 1883 est,
396 1823 556 1887 gloria
578 1822 822 1871 invidiam
848 1823 1028 1872 vicisti.
1091 1823 1263 1883 Nunc,
1284 1825 1520 1888 quoniam
1545 1823 1670 1871 mihi

134 1911 319 1955 natura
341 1907 478 1954 vitae
504 1906 656 1954 finem
688 1905 826 1965 facit,
853 1922 942 1970 per
973 1906 1102 1954 hanc
1135 1906 1382 1966 dextram,
1408 1923 1498 1970 per
1529 1909 1669 1971 regni

134 1988 283 2038 fidem
319 2004 497 2036 moneo
531 1988 852 2052 obtestorque
887 1993 953 2047 te,
988 1989 1065 2035 uti
1101 1988 1206 2048 hos,
1237 1988 1323 2052 qui
1359 1988 1455 2035 tibi
1489 2004 1669 2051 genere

134 2071 419 2136 propinqui,
455 2070 696 2119 beneficio
732 2086 842 2118 meo
878 2070 1061 2118 fratres
1097 2076 1232 2130 sunt,
1272 2086 1412 2118 caros
1452 2069 1668 2132 habea53

134 2169 234 2202 neu
256 2153 403 2201 malis
426 2153 616 2200 alienos
639 2152 913 2217 adjungere
937 2169 1087 2217 quam
1112 2153 1355 2216 sanguine
1375 2153 1668 2215 conjunctos

134 2235 362 2284 retinere.
419 2235 540 2284 Non
557 2235 810 2283 exercitus
829 2251 990 2298 neque
1009 2234 1235 2282 thesauri
1257 2234 1508 2298 praesidia
1525 2236 1667 2298 regni

132 2322 269 2377 sunt,
306 2333 483 2366 verum
522 2318 688 2377 amici,
730 2334 854 2382 quos
895 2333 1058 2381 neque
1099 2318 1252 2365 armis
1294 2333 1466 2380 cogere
1503 2333 1665 2381 neque

131 2414 256 2447 auro
301 2414 478 2464 parare
518 2416 700 2464 queas:
749 2399 911 2448 officio
952 2405 1005 2448 et
1044 2399 1143 2447 fide
1183 2400 1465 2463 pariuntur.
1540 2399 1665 2458 Quis

130 2487 301 2531 autem
332 2481 554 2542 amicior,
578 2498 728 2547 quam
754 2481 913 2530 frater
936 2482 1115 2529 fratri?
1150 2488 1240 2529 aut
1264 2498 1411 2545 quem
1441 2481 1660 2530 alienum

130 2564 288 2613 fidum
322 2563 569 2625 invenies,
605 2564 650 2613 si
689 2564 793 2612 tuis
830 2563 989 2612 hostis
1030 2563 1218 2611 fueris?
1288 2563 1536 2627 Equidem
1575 2580 1664 2627 ego

129 2646 274 2695 vobis
304 2660 513 2709 regnum
544 2645 691 2694 trado
722 2646 939 2705 firmum,
970 2646 1012 2693 si
1049 2645 1167 2692 boni
1203 2645 1344 2693 eritis
1360 2663 1374 2707 5
1409 2645 1490 2693 sin
1525 2647 1659 2703 mali,

129 2728 450 2778 imbecillum.
523 2726 659 2776 Nam
692 2727 957 2776 concordia
981 2744 1165 2792 parvae
1191 2744 1270 2775 res
1294 2734 1539 2787 crescunt,
1565 2728 1658 2775 dis-

128 2797 299 2861 cordia
343 2809 592 2858 maximae
638 2809 947 2858 dilabuntur.
1023 2810 1258 2858 Ceterum
1301 2815 1418 2858 ante
1459 2810 1549 2858 hos
1592 2816 1655 2868 te,
