1875 3117
181 107 244 155 20
536 105 918 156 SALLUSTII
959 105 1359 155 JUGURTHA.

178 218 313 266 facto
337 222 389 266 et
413 218 785 283 oppugnatione
811 217 982 266 Cirtae
1006 217 1330 266 audiebatur:
1367 216 1455 267 sed
1481 217 1524 267 ia
1547 233 1719 268 rumor

180 302 397 350 clemens
421 308 541 350 erat.
618 303 842 360 Quorum
868 300 1130 364 Jugurtha
1167 307 1374 365 accepta
1397 300 1626 351 oratione
1647 317 1719 351 re-

181 383 407 448 spondit:
448 384 602 431 “Sibi
644 399 803 447 neque
843 384 1005 445 majus
1037 382 1312 448 quidquam
1356 398 1519 449 neque
1553 383 1720 433 carius

179 469 480 516 auctoritate
507 469 667 515 senati
690 486 698 515 1
737 468 801 515 ab
826 467 1165 516 adolescentia
1196 470 1269 516 ita
1302 468 1515 528 enisum,
1542 467 1620 517 uti
1654 468 1720 516 ab

181 553 370 617 optimo
412 569 608 616 quoque
652 552 979 616 probant-tur:
1036 551 1243 610 virtute,
1283 569 1385 601 non
1426 552 1626 601 malitia
1659 550 1715 601 P.

182 638 419 702 Scipioni,
446 654 642 685 summo
676 638 799 694 viro,
838 636 1114 700 placuisse:
1151 637 1216 684 ob
1250 636 1449 686 easdem
1486 642 1622 686 artes
1657 637 1722 686 ab

184 722 414 786 Micipsa,
457 739 555 769 non
597 722 807 786 penuria
852 722 1138 780 liberorum,
1183 722 1235 769 in
1273 739 1480 787 regnum
1518 722 1722 787 adopta·

184 815 290 855 tuin
313 826 322 856 :
361 814 599 864 cetorum,
627 824 725 871 quo
751 808 896 872 plura
921 807 1047 854 beno
1077 813 1230 871 atque
1265 814 1469 855 strenue
1504 806 1720 865 fecisset,

182 907 240 935 vo
278 891 502 938 animum
547 907 692 937 suum
738 890 974 952 injuriam
1019 890 1187 937 minus
1228 888 1473 939 tolerare:
1526 888 1723 938 Adher·

184 974 343 1022 halem
381 974 509 1022 dolis
547 975 680 1021 vitae
718 991 836 1020 suae
875 973 1201 1035 insidiatum3
1237 971 1371 1037 quod
1409 972 1496 1021 ubi
1531 988 1723 1037 compe-

184 1057 344 1115 risset,
372 1057 545 1104 sceleri
571 1057 770 1103 obviam
799 1056 924 1116 isso;
962 1056 1204 1120 populum
1233 1054 1521 1104 Romanum
1558 1071 1721 1119 neque

183 1147 315 1185 recte
355 1156 515 1202 neque
555 1156 645 1202 pro
685 1139 814 1185 bono
858 1138 1129 1196 facturum,
1170 1138 1213 1186 si
1249 1138 1314 1186 ab
1343 1139 1459 1202 jure
1494 1138 1722 1202 gentium

183 1240 289 1270 seso
326 1222 670 1286 prohibuerit:
709 1229 961 1286 postremo
1000 1221 1062 1269 de
1095 1222 1329 1269 omnibus
1358 1222 1509 1270 rebus
1533 1221 1725 1286 legatos

186 1307 396 1354 Romam
436 1307 576 1354 brevi
614 1306 928 1353 missurum.’'
1003 1306 1087 1354 Ita
1121 1306 1323 1370 utrique
1351 1305 1719 1370 digrediuntur.

186 1389 492 1437 Adherbalis
517 1389 803 1454 appellandi
829 1390 972 1453 copia
997 1406 1097 1437 non
1123 1389 1236 1437 fuit.

287 1472 504 1520 XXIII.
579 1472 855 1534 Jugurtha,
877 1473 962 1519 ubi
983 1489 1067 1519 eos
1087 1472 1268 1520 Africa
1291 1471 1561 1521 decessisse
1584 1476 1726 1520 ratus

184 1561 274 1612 vst,
301 1571 462 1618 neque
489 1562 694 1618 propter
719 1554 813 1602 loci
851 1562 1084 1602 naturam
1123 1555 1316 1603 Cirtam
1352 1554 1507 1603 armis
1540 1569 1728 1619 expug-

187 1656 306 1687 nare
331 1646 511 1704 potest,
535 1641 667 1687 vallo
692 1647 844 1704 atque
870 1640 1003 1688 fossa
1028 1640 1227 1688 moenia
1249 1637 1545 1698 circumdat,
1561 1643 1728 1686 turres

186 1725 420 1783 exstruit,
438 1741 620 1788 easque
638 1724 900 1789 praesidiis
921 1726 1110 1772 firmat:
1137 1729 1398 1789 praeterea
1412 1722 1521 1772 dies
1538 1728 1728 1771 noctes-

187 1823 299 1870 que,
326 1815 415 1854 aut
442 1824 530 1871 per
555 1808 656 1854 vim
681 1815 771 1855 aut
791 1807 935 1865 dolis,
956 1814 1187 1868 tentare3
1223 1806 1576 1855 defensoribus
1598 1820 1728 1853 moe-

189 1891 327 1937 nium
354 1891 577 1954 praemia
601 1890 763 1949 modo,
786 1891 933 1938 modo
957 1890 1280 1938 formidinem
1305 1894 1563 1938 ostentare
1571 1905 1587 1950 3
1610 1902 1729 1936 suos

189 1973 437 2021 hortando
456 1973 518 2021 ad
542 1974 783 2021 virtutem
805 1975 995 2037 erigere
1013 1993 1025 2035 ;
1061 1990 1267 2038 prorsus
1291 1973 1522 2021 intentus
1544 1977 1729 2020 cuncta

188 2075 376 2122 parare.
453 2057 715 2105 Adherbal
752 2058 840 2104 ubi
876 2058 1118 2121 intelligit
1152 2073 1326 2105 omnes
1357 2073 1474 2105 suas
1496 2055 1731 2104 fortunas

190 2142 242 2188 in
278 2148 506 2188 extremo
541 2141 680 2199 sitas,
707 2140 902 2188 hostem
932 2139 1193 2208 infestum,
1229 2139 1412 2188 auxilii
1445 2155 1584 2204 spem
1620 2138 1730 2187 nul-

192 2225 306 2283 lam,
347 2224 559 2289 penuria
594 2241 763 2271 rerum
800 2224 1194 2272 necessariarum
1229 2223 1419 2272 bellum
1456 2222 1593 2271 trahi
1627 2238 1730 2271 non

191 2325 348 2372 posse,
374 2325 438 2356 ex
463 2308 557 2366 his,
585 2308 672 2372 qui
701 2325 804 2355 una
836 2308 1030 2357 Cirtam
1072 2307 1419 2372 profugerant,
1458 2306 1561 2354 duo
1594 2322 1732 2354 max-

193 2393 290 2439 ime
333 2391 572 2455 impigros
612 2390 814 2454 delegit,
854 2407 938 2439 eos
979 2391 1143 2438 multa
1178 2389 1462 2454 pollicendo
1495 2405 1556 2438 ae
1589 2389 1732 2438 mise-

194 2475 351 2523 rando
387 2492 557 2523 casum
596 2491 743 2523 suum
769 2475 1049 2535 confirmat,
1086 2475 1166 2522 uti
1199 2491 1291 2539 per
1323 2474 1548 2523 hostium
1570 2473 1733 2522 muni-

195 2559 356 2606 tiones
391 2565 546 2606 noctu
581 2558 645 2607 ad
681 2559 969 2623 proximum
1017 2575 1170 2619 mare,
1207 2558 1327 2607 dein
1374 2557 1591 2607 Romam
1624 2572 1733 2622 per·

193 2645 379 2703 gerent

298 2722 508 2771 XXIV.
584 2724 840 2773 Numidae
876 2724 1052 2790 paucis
1086 2724 1265 2774 diebus
1297 2725 1444 2789 jussa
1475 2722 1733 2785 efficiunt;

194 2805 396 2855 litterae
421 2806 731 2857 Adherbalis
766 2809 822 2856 in
856 2814 1038 2857 senatu
1071 2809 1329 2869 recitatae,
1371 2823 1587 2873 quarum
1626 2822 1735 2856 nen-
