1875 3117
203 117 268 164 50
559 113 735 163 SALL
747 108 944 161 USTII
987 102 1388 159 JUGURTIJA.

205 226 473 285 officerent,
507 225 682 273 multis
715 223 911 271 amissis
943 222 996 269 in
1029 221 1138 269 loca
1169 219 1368 268 munita
1395 234 1502 267 sese
1532 219 1733 284 recepit.

206 309 461 369 Metellus,
506 309 694 356 infecto
740 307 956 372 negotio,
994 312 1259 369 postquam
1307 319 1411 352 nox
1456 303 1647 364 aderat,
1686 303 1741 352 in

208 400 372 442 eastra
396 410 507 440 cuin
535 391 761 438 exercitu
788 389 1073 437 revertitur.

312 475 454 523 LIX.
531 473 699 536 Igitur
734 478 934 535 postero
969 470 1065 529 die,
1103 469 1244 534 prius
1276 485 1427 533 quam
1463 466 1528 516 ad
1561 481 1746 532 oppug-

210 559 432 607 nandum
470 557 806 620 egrederetur,
844 555 1127 618 equitatum
1165 571 1363 602 omnem
1402 554 1456 602 in
1491 569 1552 601 ea
1585 557 1746 617 parte,

212 660 311 706 qua
353 642 482 704 regis
521 641 772 688 adventus·
813 646 938 697 erat,
977 655 1068 702 pro
1110 639 1290 686 castris
1337 638 1530 702 agitare
1570 637 1721 701 jubet
1735 654 1749 697 3

214 734 383 792 portas
408 733 459 772 et
484 724 715 787 proxima
740 722 848 769 loca
873 722 1093 769 tribunis
1127 721 1365 785 dispertit
1379 738 1393 782 3
1425 709 1612 768 deinde
1643 719 1751 784 ipse

217 812 381 876 pergit
427 809 489 857 ad
534 808 774 873 oppidum
823 813 991 870 atque,
1031 813 1089 854 ut
1124 806 1380 870 superiore
1415 804 1513 864 die,
1550 819 1751 852 murum

217 894 519 958 aggreditur.
621 890 835 937 Interim
884 889 1146 951 Jugurtha
1193 905 1257 936 ex
1304 887 1501 935 occulto
1547 890 1754 950 repente

220 986 416 1026 nostros
453 975 678 1022 invadit:
717 974 804 1037 qui
839 974 891 1020 in
921 973 1152 1036 proximo
1186 972 1339 1019 locati
1374 970 1595 1028 fuerant,
1619 967 1756 1033 paul-

224 1064 374 1125 lisper
417 1060 582 1106 territi
623 1058 1017 1122 perturbantur5
1070 1055 1252 1119 reliqui
1293 1055 1395 1102 cito
1432 1052 1754 1102 subveniunt.

224 1146 402 1208 Neque
428 1143 621 1190 diutius
648 1140 904 1188 Numidae
929 1140 1161 1186 resistere
1180 1138 1477 1202 quivissent,
1493 1136 1548 1184 ni
1566 1134 1762 1201 pedites

225 1245 337 1276 cum
363 1226 618 1290 equitibus
650 1224 890 1288 permixti
923 1240 1155 1287 magnam
1187 1222 1377 1270 cladem
1409 1223 1462 1270 in
1495 1235 1762 1284 congressu

227 1312 480 1358 facerent:
533 1309 716 1371 quibus
753 1307 827 1353 illi
875 1306 1010 1364 freti,
1048 1324 1165 1365 non,
1204 1313 1263 1353 ut
1308 1305 1530 1370 equestri
1575 1303 1766 1369 praelio

229 1395 369 1451 solet,
391 1392 547 1455 sequi,
569 1391 685 1437 dein
706 1390 879 1436 cedere
897 1408 908 1449 ;
947 1389 1031 1436 sed
1053 1389 1277 1436 adversis
1295 1389 1436 1452 equis
1455 1402 1765 1442 concurrere,

231 1475 487 1538 implicare
513 1490 570 1519 ac
596 1472 892 1535 perturbare
917 1472 1073 1518 aciem
1092 1489 1105 1532 ;
1142 1471 1215 1518 ita
1239 1469 1490 1535 expeditis
1513 1467 1769 1534 peditibus

232 1561 335 1607 suis
360 1559 528 1605 hostes
553 1573 710 1620 paene
737 1556 897 1623 victos
922 1555 1054 1603 dare.

337 1643 448 1691 LX.
527 1641 717 1689 Eodem
746 1647 970 1704 tempore
996 1639 1131 1703 apud
1158 1639 1364 1686 Zamam
1390 1653 1574 1701 magna
1596 1636 1651 1684 vi
1674 1651 1776 1684 cer-

237 1729 452 1776 tabatur.
531 1726 638 1774 Ubi
675 1725 886 1788 quisque
919 1724 1114 1786 legatus
1150 1728 1242 1770 aut
1276 1722 1513 1769 tribunus
1548 1719 1773 1777 curabat,

238 1830 309 1867 eo,
330 1810 570 1858 acerrime
607 1809 704 1855 niti
723 1825 735 1868 3
773 1823 935 1870 neque
968 1806 1098 1852 alius
1135 1805 1189 1852 in
1221 1804 1320 1851 alio
1355 1802 1516 1866 magis
1546 1816 1697 1866 quam
1722 1800 1778 1847 in

240 1909 344 1940 sese
382 1908 519 1955 spem
558 1890 771 1949 habere;
808 1889 1096 1952 pariterque
1133 1886 1374 1951 oppidani
1407 1900 1570 1948 agere,
1594 1897 1780 1947 oppug-

242 1993 378 2033 nare,
405 1981 496 2022 aut
531 1990 707 2037 parare
738 1973 972 2020 omnibus
1004 1972 1141 2030 locis,
1176 1969 1376 2018 avidius
1411 1966 1560 2016 alteri
1593 1965 1780 2014 alteros

244 2060 483 2117 sauciare,
522 2075 672 2121 quam
704 2063 862 2104 semet
897 2062 1096 2120 tegere,
1133 2056 1320 2102 elamor
1354 2052 1638 2118 permixtus
1671 2049 1783 2098 hor-

247 2144 453 2201 tatione,
491 2140 702 2198 laetitia,
740 2139 947 2202 gemitu,
985 2139 1107 2186 item
1150 2137 1394 2201 strepitus
1428 2125 1683 2182 armorum
1718 2130 1783 2180 ad

248 2224 438 2272 caelum
465 2222 618 2282 ferri,
656 2221 758 2268 tela
784 2221 1038 2284 utrimque
1055 2220 1234 2267 volare.
1312 2217 1411 2266 Sed
1434 2216 1525 2275 illi,
1545 2215 1634 2280 qui
1657 2229 1786 2262 moe-

248 2309 335 2356 nia
375 2306 723 2363 defensabant,
764 2305 851 2352 ubi
892 2304 1061 2352 hostes
1101 2303 1330 2368 paullum
1376 2299 1525 2348 modo
1564 2312 1786 2364 pugnam

250 2391 563 2448 remiserant,
597 2388 785 2436 intenti
820 2388 1066 2452 proelium
1102 2391 1334 2450 equestre
1367 2381 1786 2449 prospectabant:

252 2492 350 2533 eos,
395 2475 472 2521 uti
511 2488 737 2537 quaeque
778 2471 814 2520 J
819 2471 1067 2535 ugurthae
1108 2486 1188 2517 res
1228 2473 1390 2528 erant,
1429 2459 1602 2516 laetos*
1624 2464 1788 2523 mod0‚

255 2557 401 2605 modo
426 2556 650 2620 pavidos,
676 2555 1103 2616 animadverteres
1119 2542 1143 2615 ζ
1169 2568 1242 2610 ac,
1269 2550 1420 2598 sicuti
1443 2547 1611 2597 audiri
1632 2563 1665 2595 a
1686 2547 1792 2594 suis

256 2647 348 2688 aut
379 2639 517 2687 cerni
547 2645 767 2703 possent,
792 2654 995 2687 monere
1024 2637 1127 2695 alii,
1154 2636 1242 2684 alii
1273 2634 1483 2694 hortari,
1512 2636 1606 2681 aut
1624 2646 1793 2679 —manu

258 2724 555 2788 significare,
590 2730 681 2770 aut
712 2724 812 2771 niti
843 2723 1151 2787 corporibuS,
1176 2726 1231 2769 et
1260 2736 1321 2768 ea
1354 2719 1454 2767 huc
1485 2717 1624 2776 illuc,
1648 2714 1795 2779 quasi

261 2806 527 2855 vitabundi
552 2813 640 2854 aut
660 2807 905 2870 jacientes
923 2806 1041 2866 tela,
1062 2805 1265 2869 agitare.
1341 2801 1490 2862 Quod
1512 2799 1603 2850 ubi
1624 2797 1794 2853 Mario
