<?xml version="1.0" encoding="UTF-8"?>
<!DOCTYPE html PUBLIC "-//W3C//DTD XHTML 1.0 Transitional//EN"
    "http://www.w3.org/TR/xhtml1/DTD/xhtml1-transitional.dtd">
<html xmlns="http://www.w3.org/1999/xhtml" xml:lang="en" lang="en">
 <head>
  <title>
</title>
<meta http-equiv="Content-Type" content="text/html;charset=utf-8" />
  <meta name='ocr-system' content='tesseract 3.04.00' />
  <meta name='ocr-capabilities' content='ocr_page ocr_carea ocr_par ocr_line ocrx_word'/>
</head>
<body>
  <div class='ocr_page' id='page_1' title='image "./jugurthaforusein00salluoft/jugurthaforusein00salluoft_0053.png"; bbox 0 0 1875 3133; ppageno 0'>
   <div class='ocr_carea' id='block_1_1' title="bbox 492 97 1667 149">
    <p class='ocr_par' dir='ltr' id='par_1_1' title="bbox 492 97 1667 149">
     <span class='ocr_line' id='line_1_1' title="bbox 492 97 1667 149; baseline -0.003 0"><span class='ocrx_word' id='word_1_1' title='bbox 492 98 876 149; x_wconf 78' lang='lat' dir='ltr'><em>SALLUSTJI</em></span> <span class='ocrx_word' id='word_1_2' title='bbox 918 97 1319 146; x_wconf 67' lang='lat' dir='ltr'><em>JUGURTHA.</em></span> <span class='ocrx_word' id='word_1_3' title='bbox 1604 98 1667 146; x_wconf 85' lang='lat'>45</span> 
     </span>
    </p>
   </div>
   <div class='ocr_carea' id='block_1_2' title="bbox 121 209 1676 2862">
    <p class='ocr_par' dir='ltr' id='par_1_2' title="bbox 126 209 1676 2191">
     <span class='ocr_line' id='line_1_2' title="bbox 133 209 1675 276; baseline -0.003 -16"><span class='ocrx_word' id='word_1_4' title='bbox 133 212 286 260; x_wconf 86' lang='lat' dir='ltr'>batur</span> <span class='ocrx_word' id='word_1_5' title='bbox 318 212 479 276; x_wconf 88' lang='lat' dir='ltr'>magis</span> <span class='ocrx_word' id='word_1_6' title='bbox 514 212 773 276; x_wconf 81' lang='lat' dir='ltr'>magisque</span> <span class='ocrx_word' id='word_1_7' title='bbox 809 211 1213 275; x_wconf 86' lang='lat' dir='ltr'>adpropinquare</span> <span class='ocrx_word' id='word_1_8' title='bbox 1245 210 1437 269; x_wconf 74' lang='lat' dir='ltr'>vident,</span> <span class='ocrx_word' id='word_1_9' title='bbox 1474 209 1675 272; x_wconf 83' lang='lat' dir='ltr'>cognita</span> 
     </span>
     <span class='ocr_line' id='line_1_3' title="bbox 133 292 1674 359; baseline -0.003 -16"><span class='ocrx_word' id='word_1_10' title='bbox 133 311 187 343; x_wconf 86' lang='lat' dir='ltr'>re</span> <span class='ocrx_word' id='word_1_11' title='bbox 222 300 550 359; x_wconf 75' lang='lat' dir='ltr'>properantes</span> <span class='ocrx_word' id='word_1_12' title='bbox 598 312 739 342; x_wconf 88' lang='lat' dir='ltr'>arma</span> <span class='ocrx_word' id='word_1_13' title='bbox 786 294 1010 358; x_wconf 83' lang='lat' dir='ltr'>capiunt,</span> <span class='ocrx_word' id='word_1_14' title='bbox 1049 311 1106 341; x_wconf 88' lang='lat' dir='ltr'>ac</span> <span class='ocrx_word' id='word_1_15' title='bbox 1153 310 1244 357; x_wconf 90' lang='lat' dir='ltr'>pro</span> <span class='ocrx_word' id='word_1_16' title='bbox 1293 293 1484 351; x_wconf 85' lang='lat' dir='ltr'>castris,</span> <span class='ocrx_word' id='word_1_17' title='bbox 1523 292 1674 340; x_wconf 89' lang='lat' dir='ltr'>sicuti</span> 
     </span>
     <span class='ocr_line' id='line_1_4' title="bbox 133 372 1672 443; baseline -0.002 -16"><span class='ocrx_word' id='word_1_18' title='bbox 133 378 492 443; x_wconf 73' lang='lat' dir='ltr'>imperabatur,</span> <span class='ocrx_word' id='word_1_19' title='bbox 519 379 815 427; x_wconf 87' lang='lat' dir='ltr'>consistunt.</span> <span class='ocrx_word' id='word_1_20' title='bbox 891 377 1106 437; x_wconf 82' lang='lat' dir='ltr'>Deinde,</span> <span class='ocrx_word' id='word_1_21' title='bbox 1127 377 1215 424; x_wconf 91' lang='lat' dir='ltr'>ubi</span> <span class='ocrx_word' id='word_1_22' title='bbox 1233 372 1442 440; x_wconf 84' lang='lat' dir='ltr'>propius</span> <span class='ocrx_word' id='word_1_23' title='bbox 1464 381 1672 424; x_wconf 81' lang='lat' dir='ltr'>ventum</span> 
     </span>
     <span class='ocr_line' id='line_1_5' title="bbox 133 460 1673 526; baseline -0.002 -15"><span class='ocrx_word' id='word_1_24' title='bbox 133 468 224 522; x_wconf 85' lang='lat' dir='ltr'>cst,</span> <span class='ocrx_word' id='word_1_25' title='bbox 251 463 508 526; x_wconf 73' lang='lat' dir='ltr'>utrimque</span> <span class='ocrx_word' id='word_1_26' title='bbox 539 479 722 526; x_wconf 86' lang='lat' dir='ltr'>magno</span> <span class='ocrx_word' id='word_1_27' title='bbox 759 462 974 509; x_wconf 88' lang='lat' dir='ltr'>clamore</span> <span class='ocrx_word' id='word_1_28' title='bbox 1011 461 1339 508; x_wconf 74' lang='lat' dir='ltr'>concurritur.</span> <span class='ocrx_word' id='word_1_29' title='bbox 1418 460 1673 508; x_wconf 77' lang='lat' dir='ltr'>Numidae</span> 
     </span>
     <span class='ocr_line' id='line_1_6' title="bbox 133 544 1674 608; baseline -0.001 -14"><span class='ocrx_word' id='word_1_30' title='bbox 133 546 485 594; x_wconf 85' lang='lat' dir='ltr'>tantummodo</span> <span class='ocrx_word' id='word_1_31' title='bbox 510 545 763 603; x_wconf 87' lang='lat' dir='ltr'>remorati,</span> <span class='ocrx_word' id='word_1_32' title='bbox 791 545 911 592; x_wconf 88' lang='lat' dir='ltr'>dum</span> <span class='ocrx_word' id='word_1_33' title='bbox 937 545 991 591; x_wconf 90' lang='lat' dir='ltr'>in</span> <span class='ocrx_word' id='word_1_34' title='bbox 1007 545 1288 608; x_wconf 89' lang='lat' dir='ltr'>elephantis</span> <span class='ocrx_word' id='word_1_35' title='bbox 1314 544 1562 591; x_wconf 80' lang='lat' dir='ltr'>auxilium</span> <span class='ocrx_word' id='word_1_36' title='bbox 1587 562 1674 608; x_wconf 87' lang='lat' dir='ltr'>pu-</span> 
     </span>
     <span class='ocr_line' id='line_1_7' title="bbox 133 629 1675 694; baseline -0.002 -16"><span class='ocrx_word' id='word_1_37' title='bbox 133 634 262 691; x_wconf 87' lang='lat' dir='ltr'>tant,</span> <span class='ocrx_word' id='word_1_38' title='bbox 289 635 556 694; x_wconf 85' lang='lat' dir='ltr'>postquam</span> <span class='ocrx_word' id='word_1_39' title='bbox 581 646 665 677; x_wconf 93' lang='lat' dir='ltr'>eos</span> <span class='ocrx_word' id='word_1_40' title='bbox 689 629 958 693; x_wconf 87' lang='lat' dir='ltr'>impeditos</span> <span class='ocrx_word' id='word_1_41' title='bbox 983 629 1136 676; x_wconf 89' lang='lat' dir='ltr'>ramis</span> <span class='ocrx_word' id='word_1_42' title='bbox 1162 629 1398 676; x_wconf 87' lang='lat' dir='ltr'>arborum</span> <span class='ocrx_word' id='word_1_43' title='bbox 1424 634 1577 692; x_wconf 91' lang='lat' dir='ltr'>atque</span> <span class='ocrx_word' id='word_1_44' title='bbox 1601 629 1675 676; x_wconf 83' lang='lat' dir='ltr'>ita</span> 
     </span>
     <span class='ocr_line' id='line_1_8' title="bbox 131 711 1675 776; baseline -0.001 -16"><span class='ocrx_word' id='word_1_45' title='bbox 131 712 367 776; x_wconf 85' lang='lat' dir='ltr'>disjectos</span> <span class='ocrx_word' id='word_1_46' title='bbox 393 712 748 759; x_wconf 76' lang='lat' dir='ltr'>circumveniri</span> <span class='ocrx_word' id='word_1_47' title='bbox 773 711 965 770; x_wconf 73' lang='lat' dir='ltr'>vident,</span> <span class='ocrx_word' id='word_1_48' title='bbox 992 711 1166 774; x_wconf 82' lang='lat' dir='ltr'>fugam</span> <span class='ocrx_word' id='word_1_49' title='bbox 1196 711 1408 770; x_wconf 85' lang='lat' dir='ltr'>faciunt,</span> <span class='ocrx_word' id='word_1_50' title='bbox 1436 728 1493 759; x_wconf 90' lang='lat' dir='ltr'>ac</span> <span class='ocrx_word' id='word_1_51' title='bbox 1528 712 1675 775; x_wconf 89' lang='lat' dir='ltr'>pleri-</span> 
     </span>
     <span class='ocr_line' id='line_1_9' title="bbox 131 794 1671 860; baseline 0 -16"><span class='ocrx_word' id='word_1_52' title='bbox 131 812 244 860; x_wconf 88' lang='lat' dir='ltr'>que,</span> <span class='ocrx_word' id='word_1_53' title='bbox 271 796 481 859; x_wconf 84' lang='lat' dir='ltr'>abjectis</span> <span class='ocrx_word' id='word_1_54' title='bbox 506 796 659 843; x_wconf 88' lang='lat' dir='ltr'>armis</span> <span class='ocrx_word' id='word_1_55' title='bbox 685 794 826 842; x_wconf 82' lang='lat' dir='ltr'>collis</span> <span class='ocrx_word' id='word_1_56' title='bbox 860 801 950 842; x_wconf 87' lang='lat' dir='ltr'>aut</span> <span class='ocrx_word' id='word_1_57' title='bbox 975 796 1152 854; x_wconf 88' lang='lat' dir='ltr'>noctis,</span> <span class='ocrx_word' id='word_1_58' title='bbox 1180 812 1307 858; x_wconf 91' lang='lat' dir='ltr'>quae</span> <span class='ocrx_word' id='word_1_59' title='bbox 1338 796 1444 858; x_wconf 83' lang='lat' dir='ltr'>jam</span> <span class='ocrx_word' id='word_1_60' title='bbox 1481 796 1671 855; x_wconf 86' lang='lat' dir='ltr'>aderat,</span> 
     </span>
     <span class='ocr_line' id='line_1_10' title="bbox 132 879 1675 942; baseline 0.001 -16"><span class='ocrx_word' id='word_1_61' title='bbox 132 879 325 926; x_wconf 85' lang='lat' dir='ltr'>auxilio</span> <span class='ocrx_word' id='word_1_62' title='bbox 366 879 553 942; x_wconf 84' lang='lat' dir='ltr'>integri</span> <span class='ocrx_word' id='word_1_63' title='bbox 595 879 795 926; x_wconf 86' lang='lat' dir='ltr'>abeunt.</span> <span class='ocrx_word' id='word_1_64' title='bbox 874 879 1152 942; x_wconf 82' lang='lat' dir='ltr'>Elephanti</span> <span class='ocrx_word' id='word_1_65' title='bbox 1184 885 1402 942; x_wconf 84' lang='lat' dir='ltr'>quatuor</span> <span class='ocrx_word' id='word_1_66' title='bbox 1427 880 1577 942; x_wconf 86' lang='lat' dir='ltr'>capti,</span> <span class='ocrx_word' id='word_1_67' title='bbox 1604 897 1675 928; x_wconf 93' lang='lat' dir='ltr'>re-</span> 
     </span>
     <span class='ocr_line' id='line_1_11' title="bbox 131 960 1675 1024; baseline 0.003 -17"><span class='ocrx_word' id='word_1_68' title='bbox 131 960 259 1024; x_wconf 82' lang='lat' dir='ltr'>liqui</span> <span class='ocrx_word' id='word_1_69' title='bbox 283 977 470 1020; x_wconf 89' lang='lat' dir='ltr'>omnes,</span> <span class='ocrx_word' id='word_1_70' title='bbox 497 978 707 1008; x_wconf 91' lang='lat' dir='ltr'>numero</span> <span class='ocrx_word' id='word_1_71' title='bbox 741 961 1092 1024; x_wconf 87' lang='lat' dir='ltr'>quadraginta,</span> <span class='ocrx_word' id='word_1_72' title='bbox 1127 961 1395 1009; x_wconf 73' lang='lat' dir='ltr'>interfecti</span> <span class='ocrx_word' id='word_1_73' title='bbox 1472 963 1551 1010; x_wconf 88' lang='lat' dir='ltr'>At</span> <span class='ocrx_word' id='word_1_74' title='bbox 1576 963 1675 1011; x_wconf 81' lang='lat' dir='ltr'>Ro-</span> 
     </span>
     <span class='ocr_line' id='line_1_12' title="bbox 131 1045 1675 1112; baseline 0.002 -20"><span class='ocrx_word' id='word_1_75' title='bbox 131 1045 270 1092; x_wconf 90' lang='lat' dir='ltr'>mani</span> <span class='ocrx_word' id='word_1_76' title='bbox 294 1062 599 1109; x_wconf 88' lang='lat' dir='ltr'>quamquam</span> <span class='ocrx_word' id='word_1_77' title='bbox 624 1046 806 1093; x_wconf 90' lang='lat' dir='ltr'>itinere</span> <span class='ocrx_word' id='word_1_78' title='bbox 826 1052 977 1109; x_wconf 88' lang='lat' dir='ltr'>atque</span> <span class='ocrx_word' id='word_1_79' title='bbox 999 1062 1146 1110; x_wconf 87' lang='lat' dir='ltr'>opere</span> <span class='ocrx_word' id='word_1_80' title='bbox 1168 1051 1445 1094; x_wconf 88' lang='lat' dir='ltr'>castrorum</span> <span class='ocrx_word' id='word_1_81' title='bbox 1466 1053 1518 1095; x_wconf 90' lang='lat' dir='ltr'>et</span> <span class='ocrx_word' id='word_1_82' title='bbox 1536 1065 1675 1112; x_wconf 91' lang='lat' dir='ltr'>proe-</span> 
     </span>
     <span class='ocr_line' id='line_1_13' title="bbox 131 1129 1676 1196; baseline 0.002 -20"><span class='ocrx_word' id='word_1_83' title='bbox 131 1129 199 1176; x_wconf 88' lang='lat' dir='ltr'>lio</span> <span class='ocrx_word' id='word_1_84' title='bbox 223 1129 344 1177; x_wconf 84' lang='lat' dir='ltr'>fessi</span> <span class='ocrx_word' id='word_1_85' title='bbox 368 1130 585 1193; x_wconf 83' lang='lat' dir='ltr'>lassique</span> <span class='ocrx_word' id='word_1_86' title='bbox 615 1135 775 1188; x_wconf 89' lang='lat' dir='ltr'>erant,</span> <span class='ocrx_word' id='word_1_87' title='bbox 803 1135 989 1189; x_wconf 89' lang='lat' dir='ltr'>tamen,</span> <span class='ocrx_word' id='word_1_88' title='bbox 1017 1130 1151 1193; x_wconf 92' lang='lat' dir='ltr'>quod</span> <span class='ocrx_word' id='word_1_89' title='bbox 1186 1130 1427 1179; x_wconf 80' lang='lat' dir='ltr'>Metellus</span> <span class='ocrx_word' id='word_1_90' title='bbox 1459 1132 1676 1196; x_wconf 90' lang='lat' dir='ltr'>amplius</span> 
     </span>
     <span class='ocr_line' id='line_1_14' title="bbox 130 1211 1675 1279; baseline 0.002 -19"><span class='ocrx_word' id='word_1_91' title='bbox 130 1211 366 1276; x_wconf 89' lang='lat' dir='ltr'>opinione</span> <span class='ocrx_word' id='word_1_92' title='bbox 390 1213 698 1272; x_wconf 87' lang='lat' dir='ltr'>morabatur,</span> <span class='ocrx_word' id='word_1_93' title='bbox 725 1213 966 1260; x_wconf 84' lang='lat' dir='ltr'>instructi</span> <span class='ocrx_word' id='word_1_94' title='bbox 1001 1214 1288 1278; x_wconf 89' lang='lat' dir='ltr'>intentique</span> <span class='ocrx_word' id='word_1_95' title='bbox 1328 1215 1527 1262; x_wconf 79' lang='lat' dir='ltr'>obviam</span> <span class='ocrx_word' id='word_1_96' title='bbox 1567 1233 1675 1279; x_wconf 88' lang='lat' dir='ltr'>pro·</span> 
     </span>
     <span class='ocr_line' id='line_1_15' title="bbox 131 1297 1674 1365; baseline 0.003 -20"><span class='ocrx_word' id='word_1_97' title='bbox 131 1297 320 1346; x_wconf 88' lang='lat' dir='ltr'>cedunt</span> <span class='ocrx_word' id='word_1_98' title='bbox 337 1316 350 1358; x_wconf 99' lang='lat'><em>3</em></span> <span class='ocrx_word' id='word_1_99' title='bbox 386 1315 504 1345; x_wconf 90' lang='lat' dir='ltr'>nam</span> <span class='ocrx_word' id='word_1_100' title='bbox 531 1298 676 1346; x_wconf 92' lang='lat' dir='ltr'>dolus</span> <span class='ocrx_word' id='word_1_101' title='bbox 701 1298 1045 1346; x_wconf 70' lang='lat' dir='ltr'>Numidarum</span> <span class='ocrx_word' id='word_1_102' title='bbox 1082 1300 1211 1347; x_wconf 89' lang='lat' dir='ltr'>nihil</span> <span class='ocrx_word' id='word_1_103' title='bbox 1247 1301 1476 1364; x_wconf 79' lang='lat' dir='ltr'>languidi</span> <span class='ocrx_word' id='word_1_104' title='bbox 1512 1318 1674 1365; x_wconf 89' lang='lat' dir='ltr'>neque</span> 
     </span>
     <span class='ocr_line' id='line_1_16' title="bbox 129 1379 1673 1447; baseline 0.002 -20"><span class='ocrx_word' id='word_1_105' title='bbox 129 1379 325 1428; x_wconf 89' lang='lat' dir='ltr'>remissi</span> <span class='ocrx_word' id='word_1_106' title='bbox 349 1380 650 1444; x_wconf 88' lang='lat' dir='ltr'>patiebatur.</span> <span class='ocrx_word' id='word_1_107' title='bbox 715 1381 796 1428; x_wconf 86' lang='lat' dir='ltr'>Ac</span> <span class='ocrx_word' id='word_1_108' title='bbox 812 1381 974 1444; x_wconf 90' lang='lat' dir='ltr'>primo</span> <span class='ocrx_word' id='word_1_109' title='bbox 994 1382 1206 1429; x_wconf 85' lang='lat' dir='ltr'>obscura</span> <span class='ocrx_word' id='word_1_110' title='bbox 1224 1388 1385 1441; x_wconf 86' lang='lat' dir='ltr'>nocte,</span> <span class='ocrx_word' id='word_1_111' title='bbox 1407 1389 1673 1447; x_wconf 86' lang='lat' dir='ltr'>postquam</span> 
     </span>
     <span class='ocr_line' id='line_1_17' title="bbox 129 1462 1674 1529; baseline 0.004 -19"><span class='ocrx_word' id='word_1_112' title='bbox 129 1462 264 1511; x_wconf 89' lang='lat' dir='ltr'>haud</span> <span class='ocrx_word' id='word_1_113' title='bbox 281 1464 457 1527; x_wconf 81' lang='lat' dir='ltr'>procul</span> <span class='ocrx_word' id='word_1_114' title='bbox 475 1464 610 1511; x_wconf 92' lang='lat' dir='ltr'>inter</span> <span class='ocrx_word' id='word_1_115' title='bbox 629 1481 680 1512; x_wconf 91' lang='lat' dir='ltr'>se</span> <span class='ocrx_word' id='word_1_116' title='bbox 700 1471 860 1524; x_wconf 89' lang='lat' dir='ltr'>erant,</span> <span class='ocrx_word' id='word_1_117' title='bbox 880 1466 1112 1529; x_wconf 89' lang='lat' dir='ltr'>strepitu,</span> <span class='ocrx_word' id='word_1_118' title='bbox 1129 1466 1273 1514; x_wconf 85' lang='lat' dir='ltr'>velut</span> <span class='ocrx_word' id='word_1_119' title='bbox 1291 1467 1474 1527; x_wconf 91' lang='lat' dir='ltr'>hostes,</span> <span class='ocrx_word' id='word_1_120' title='bbox 1493 1468 1674 1516; x_wconf 80' lang='lat' dir='ltr'>adven-</span> 
     </span>
     <span class='ocr_line' id='line_1_18' title="bbox 128 1547 1671 1611; baseline 0.003 -17"><span class='ocrx_word' id='word_1_121' title='bbox 128 1552 253 1606; x_wconf 85' lang='lat' dir='ltr'>tare,</span> <span class='ocrx_word' id='word_1_122' title='bbox 271 1547 419 1594; x_wconf 90' lang='lat' dir='ltr'>alteri</span> <span class='ocrx_word' id='word_1_123' title='bbox 444 1547 580 1611; x_wconf 87' lang='lat' dir='ltr'>apud</span> <span class='ocrx_word' id='word_1_124' title='bbox 604 1548 789 1595; x_wconf 88' lang='lat' dir='ltr'>alteros</span> <span class='ocrx_word' id='word_1_125' title='bbox 808 1548 1133 1596; x_wconf 83' lang='lat' dir='ltr'>formidinem</span> <span class='ocrx_word' id='word_1_126' title='bbox 1153 1549 1304 1597; x_wconf 89' lang='lat' dir='ltr'>simul</span> <span class='ocrx_word' id='word_1_127' title='bbox 1323 1556 1374 1597; x_wconf 90' lang='lat' dir='ltr'>et</span> <span class='ocrx_word' id='word_1_128' title='bbox 1393 1551 1671 1599; x_wconf 89' lang='lat' dir='ltr'>tumultum</span> 
     </span>
     <span class='ocr_line' id='line_1_19' title="bbox 129 1631 1672 1695; baseline 0.003 -17"><span class='ocrx_word' id='word_1_129' title='bbox 129 1631 318 1692; x_wconf 77' lang='lat' dir='ltr'>facere3</span> <span class='ocrx_word' id='word_1_130' title='bbox 355 1636 408 1679; x_wconf 90' lang='lat' dir='ltr'>et</span> <span class='ocrx_word' id='word_1_131' title='bbox 431 1648 590 1695; x_wconf 90' lang='lat' dir='ltr'>paene</span> <span class='ocrx_word' id='word_1_132' title='bbox 614 1632 960 1695; x_wconf 89' lang='lat' dir='ltr'>imprudentia</span> <span class='ocrx_word' id='word_1_133' title='bbox 996 1632 1271 1680; x_wconf 89' lang='lat' dir='ltr'>admissum</span> <span class='ocrx_word' id='word_1_134' title='bbox 1308 1633 1507 1681; x_wconf 78' lang='lat' dir='ltr'>facinus</span> <span class='ocrx_word' id='word_1_135' title='bbox 1531 1635 1672 1683; x_wconf 90' lang='lat' dir='ltr'>mise-</span> 
     </span>
     <span class='ocr_line' id='line_1_20' title="bbox 128 1714 1666 1781; baseline 0.003 -20"><span class='ocrx_word' id='word_1_136' title='bbox 128 1714 631 1778; x_wconf 87' lang='lat' dir='ltr'>rabile,niutrimque</span> <span class='ocrx_word' id='word_1_137' title='bbox 647 1715 909 1778; x_wconf 86' lang='lat' dir='ltr'>praemissi</span> <span class='ocrx_word' id='word_1_138' title='bbox 925 1716 1118 1778; x_wconf 84' lang='lat' dir='ltr'>equites</span> <span class='ocrx_word' id='word_1_139' title='bbox 1134 1733 1239 1763; x_wconf 88' lang='lat' dir='ltr'>rem</span> <span class='ocrx_word' id='word_1_140' title='bbox 1256 1718 1666 1781; x_wconf 78' lang='lat' dir='ltr'>exploravissent.</span> 
     </span>
     <span class='ocr_line' id='line_1_21' title="bbox 129 1796 1672 1861; baseline 0.004 -18"><span class='ocrx_word' id='word_1_141' title='bbox 129 1796 298 1859; x_wconf 86' lang='lat' dir='ltr'>Igitur</span> <span class='ocrx_word' id='word_1_142' title='bbox 334 1814 426 1861; x_wconf 91' lang='lat' dir='ltr'>pro</span> <span class='ocrx_word' id='word_1_143' title='bbox 464 1803 605 1845; x_wconf 91' lang='lat' dir='ltr'>metu</span> <span class='ocrx_word' id='word_1_144' title='bbox 647 1804 854 1861; x_wconf 89' lang='lat' dir='ltr'>repente</span> <span class='ocrx_word' id='word_1_145' title='bbox 892 1798 1134 1861; x_wconf 87' lang='lat' dir='ltr'>gaudium</span> <span class='ocrx_word' id='word_1_146' title='bbox 1173 1805 1406 1847; x_wconf 76' lang='lat' dir='ltr'>exortum</span> <span class='ocrx_word' id='word_1_147' title='bbox 1424 1819 1436 1861; x_wconf 88' lang='lat'><em>3</em></span> <span class='ocrx_word' id='word_1_148' title='bbox 1485 1802 1672 1850; x_wconf 89' lang='lat' dir='ltr'>milites</span> 
     </span>
     <span class='ocr_line' id='line_1_22' title="bbox 127 1879 1672 1947; baseline 0.005 -22"><span class='ocrx_word' id='word_1_149' title='bbox 127 1879 256 1926; x_wconf 87' lang='lat' dir='ltr'>alius</span> <span class='ocrx_word' id='word_1_150' title='bbox 272 1880 429 1926; x_wconf 91' lang='lat' dir='ltr'>alium</span> <span class='ocrx_word' id='word_1_151' title='bbox 444 1880 566 1927; x_wconf 88' lang='lat' dir='ltr'>laeti</span> <span class='ocrx_word' id='word_1_152' title='bbox 585 1880 859 1943; x_wconf 86' lang='lat' dir='ltr'>appellant,</span> <span class='ocrx_word' id='word_1_153' title='bbox 877 1886 990 1928; x_wconf 88' lang='lat' dir='ltr'>acta</span> <span class='ocrx_word' id='word_1_154' title='bbox 1015 1880 1227 1929; x_wconf 88' lang='lat' dir='ltr'>edocent</span> <span class='ocrx_word' id='word_1_155' title='bbox 1251 1887 1403 1947; x_wconf 89' lang='lat' dir='ltr'>atque</span> <span class='ocrx_word' id='word_1_156' title='bbox 1424 1883 1641 1932; x_wconf 89' lang='lat' dir='ltr'>audiunt</span> <span class='ocrx_word' id='word_1_157' title='bbox 1658 1903 1672 1945; x_wconf 83' lang='lat'><em>3</em></span> 
     </span>
     <span class='ocr_line' id='line_1_23' title="bbox 127 1962 1672 2030; baseline 0.005 -22"><span class='ocrx_word' id='word_1_158' title='bbox 127 1977 218 2009; x_wconf 91' lang='lat' dir='ltr'>sua</span> <span class='ocrx_word' id='word_1_159' title='bbox 242 1962 453 2026; x_wconf 91' lang='lat' dir='ltr'>quisque</span> <span class='ocrx_word' id='word_1_160' title='bbox 477 1962 632 2010; x_wconf 83' lang='lat' dir='ltr'>fortia</span> <span class='ocrx_word' id='word_1_161' title='bbox 656 1962 792 2010; x_wconf 80' lang='lat' dir='ltr'>facta</span> <span class='ocrx_word' id='word_1_162' title='bbox 817 1963 881 2010; x_wconf 89' lang='lat' dir='ltr'>ad</span> <span class='ocrx_word' id='word_1_163' title='bbox 919 1964 1112 2011; x_wconf 87' lang='lat' dir='ltr'>caelum</span> <span class='ocrx_word' id='word_1_164' title='bbox 1149 1965 1292 2012; x_wconf 79' lang='lat' dir='ltr'>ferre.</span> <span class='ocrx_word' id='word_1_165' title='bbox 1371 1966 1568 2030; x_wconf 81' lang='lat' dir='ltr'>Quippe</span> <span class='ocrx_word' id='word_1_166' title='bbox 1593 1984 1672 2015; x_wconf 88' lang='lat' dir='ltr'>res</span> 
     </span>
     <span class='ocr_line' id='line_1_24' title="bbox 127 2043 1671 2113; baseline 0.005 -23"><span class='ocrx_word' id='word_1_167' title='bbox 127 2043 377 2092; x_wconf 91' lang='lat' dir='ltr'>humanae</span> <span class='ocrx_word' id='word_1_168' title='bbox 401 2045 477 2092; x_wconf 87' lang='lat' dir='ltr'>ita</span> <span class='ocrx_word' id='word_1_169' title='bbox 501 2062 607 2093; x_wconf 91' lang='lat' dir='ltr'>sese</span> <span class='ocrx_word' id='word_1_170' title='bbox 639 2045 858 2093; x_wconf 88' lang='lat' dir='ltr'>habent:</span> <span class='ocrx_word' id='word_1_171' title='bbox 898 2046 952 2092; x_wconf 92' lang='lat' dir='ltr'>in</span> <span class='ocrx_word' id='word_1_172' title='bbox 984 2047 1199 2094; x_wconf 71' lang='lat' dir='ltr'>victoria</span> <span class='ocrx_word' id='word_1_173' title='bbox 1232 2047 1314 2095; x_wconf 76' lang='lat' dir='ltr'>vel</span> <span class='ocrx_word' id='word_1_174' title='bbox 1346 2047 1544 2111; x_wconf 85' lang='lat' dir='ltr'>ignavis</span> <span class='ocrx_word' id='word_1_175' title='bbox 1572 2049 1671 2113; x_wconf 79' lang='lat' dir='ltr'>glo-</span> 
     </span>
     <span class='ocr_line' id='line_1_25' title="bbox 126 2129 1489 2191; baseline 0.003 -15"><span class='ocrx_word' id='word_1_176' title='bbox 126 2129 248 2176; x_wconf 88' lang='lat' dir='ltr'>riari</span> <span class='ocrx_word' id='word_1_177' title='bbox 271 2130 421 2191; x_wconf 89' lang='lat' dir='ltr'>licet3</span> <span class='ocrx_word' id='word_1_178' title='bbox 458 2130 698 2178; x_wconf 86' lang='lat' dir='ltr'>adversae</span> <span class='ocrx_word' id='word_1_179' title='bbox 723 2147 803 2178; x_wconf 89' lang='lat' dir='ltr'>res</span> <span class='ocrx_word' id='word_1_180' title='bbox 827 2131 981 2178; x_wconf 89' lang='lat' dir='ltr'>etiam</span> <span class='ocrx_word' id='word_1_181' title='bbox 1006 2132 1164 2179; x_wconf 90' lang='lat' dir='ltr'>bonos</span> <span class='ocrx_word' id='word_1_182' title='bbox 1189 2131 1489 2181; x_wconf 86' lang='lat' dir='ltr'>detractant.</span> 
     </span>
    </p>

    <p class='ocr_par' dir='ltr' id='par_1_3' title="bbox 121 2212 1670 2862">
     <span class='ocr_line' id='line_1_26' title="bbox 229 2212 1670 2280; baseline 0.007 -20"><span class='ocrx_word' id='word_1_183' title='bbox 229 2212 372 2261; x_wconf 91' lang='lat' dir='ltr'><strong>LIV.</strong></span> <span class='ocrx_word' id='word_1_184' title='bbox 447 2213 690 2262; x_wconf 84' lang='lat' dir='ltr'>Metellus</span> <span class='ocrx_word' id='word_1_185' title='bbox 728 2214 784 2261; x_wconf 91' lang='lat' dir='ltr'>in</span> <span class='ocrx_word' id='word_1_186' title='bbox 820 2214 980 2262; x_wconf 87' lang='lat' dir='ltr'>isdem</span> <span class='ocrx_word' id='word_1_187' title='bbox 1014 2216 1192 2264; x_wconf 89' lang='lat' dir='ltr'>castris</span> <span class='ocrx_word' id='word_1_188' title='bbox 1217 2218 1488 2280; x_wconf 89' lang='lat' dir='ltr'>quatriduo</span> <span class='ocrx_word' id='word_1_189' title='bbox 1512 2237 1670 2270; x_wconf 85' lang='lat' dir='ltr'>mora·</span> 
     </span>
     <span class='ocr_line' id='line_1_27' title="bbox 124 2297 1667 2364; baseline 0.006 -20"><span class='ocrx_word' id='word_1_190' title='bbox 124 2303 209 2345; x_wconf 91' lang='lat' dir='ltr'>tus</span> <span class='ocrx_word' id='word_1_191' title='bbox 233 2297 428 2346; x_wconf 89' lang='lat' dir='ltr'>saucios</span> <span class='ocrx_word' id='word_1_192' title='bbox 453 2315 567 2345; x_wconf 92' lang='lat' dir='ltr'>cum</span> <span class='ocrx_word' id='word_1_193' title='bbox 600 2315 721 2346; x_wconf 90' lang='lat' dir='ltr'>cura</span> <span class='ocrx_word' id='word_1_194' title='bbox 756 2298 933 2358; x_wconf 88' lang='lat' dir='ltr'>reficit,</span> <span class='ocrx_word' id='word_1_195' title='bbox 960 2299 1167 2347; x_wconf 88' lang='lat' dir='ltr'>meritos</span> <span class='ocrx_word' id='word_1_196' title='bbox 1202 2300 1258 2347; x_wconf 92' lang='lat' dir='ltr'>in</span> <span class='ocrx_word' id='word_1_197' title='bbox 1292 2303 1495 2364; x_wconf 89' lang='lat' dir='ltr'>proeliis</span> <span class='ocrx_word' id='word_1_198' title='bbox 1531 2321 1667 2353; x_wconf 91' lang='lat' dir='ltr'>more</span> 
     </span>
     <span class='ocr_line' id='line_1_28' title="bbox 124 2381 1669 2452; baseline 0.006 -25"><span class='ocrx_word' id='word_1_199' title='bbox 124 2381 336 2428; x_wconf 82' lang='lat' dir='ltr'>militiae</span> <span class='ocrx_word' id='word_1_200' title='bbox 361 2381 531 2441; x_wconf 88' lang='lat' dir='ltr'>donat,</span> <span class='ocrx_word' id='word_1_201' title='bbox 558 2383 820 2432; x_wconf 88' lang='lat' dir='ltr'>universos</span> <span class='ocrx_word' id='word_1_202' title='bbox 845 2384 900 2431; x_wconf 94' lang='lat' dir='ltr'>in</span> <span class='ocrx_word' id='word_1_203' title='bbox 924 2384 1162 2432; x_wconf 90' lang='lat' dir='ltr'>concione</span> <span class='ocrx_word' id='word_1_204' title='bbox 1186 2384 1362 2432; x_wconf 88' lang='lat' dir='ltr'>laudat</span> <span class='ocrx_word' id='word_1_205' title='bbox 1386 2391 1538 2450; x_wconf 91' lang='lat' dir='ltr'>atque</span> <span class='ocrx_word' id='word_1_206' title='bbox 1562 2389 1669 2452; x_wconf 89' lang='lat' dir='ltr'>agit</span> 
     </span>
     <span class='ocr_line' id='line_1_29' title="bbox 123 2464 1664 2535; baseline 0.006 -24"><span class='ocrx_word' id='word_1_207' title='bbox 123 2464 343 2528; x_wconf 89' lang='lat' dir='ltr'>gratias,</span> <span class='ocrx_word' id='word_1_208' title='bbox 378 2464 628 2526; x_wconf 88' lang='lat' dir='ltr'>hortatur,</span> <span class='ocrx_word' id='word_1_209' title='bbox 655 2467 720 2515; x_wconf 89' lang='lat' dir='ltr'>ad</span> <span class='ocrx_word' id='word_1_210' title='bbox 757 2473 937 2528; x_wconf 89' lang='lat' dir='ltr'>cetera,</span> <span class='ocrx_word' id='word_1_211' title='bbox 977 2485 1104 2532; x_wconf 90' lang='lat' dir='ltr'>quae</span> <span class='ocrx_word' id='word_1_212' title='bbox 1147 2468 1243 2516; x_wconf 80' lang='lat' dir='ltr'>lev</span> <span class='ocrx_word' id='word_1_213' title='bbox 1230 2486 1279 2516; x_wconf 82' lang='lat' dir='ltr'>ia</span> <span class='ocrx_word' id='word_1_214' title='bbox 1321 2476 1455 2530; x_wconf 87' lang='lat' dir='ltr'>sunt,</span> <span class='ocrx_word' id='word_1_215' title='bbox 1494 2488 1664 2535; x_wconf 86' lang='lat' dir='ltr'>parem</span> 
     </span>
     <span class='ocr_line' id='line_1_30' title="bbox 124 2546 1663 2616; baseline 0.006 -23"><span class='ocrx_word' id='word_1_216' title='bbox 124 2546 349 2594; x_wconf 89' lang='lat' dir='ltr'>animum</span> <span class='ocrx_word' id='word_1_217' title='bbox 396 2552 603 2609; x_wconf 86' lang='lat' dir='ltr'>gerant·</span> <span class='ocrx_word' id='word_1_218' title='bbox 591 2586 604 2608; x_wconf 91' lang='lat'>,</span> <span class='ocrx_word' id='word_1_219' title='bbox 657 2565 749 2612; x_wconf 89' lang='lat' dir='ltr'>pro</span> <span class='ocrx_word' id='word_1_220' title='bbox 791 2549 1006 2597; x_wconf 63' lang='lat' dir='ltr'>xictoria</span> <span class='ocrx_word' id='word_1_221' title='bbox 1048 2550 1171 2597; x_wconf 89' lang='lat' dir='ltr'>satis</span> <span class='ocrx_word' id='word_1_222' title='bbox 1212 2550 1318 2613; x_wconf 85' lang='lat' dir='ltr'>jam</span> <span class='ocrx_word' id='word_1_223' title='bbox 1367 2558 1663 2616; x_wconf 86' lang='lat' dir='ltr'>pugnatum,</span> 
     </span>
     <span class='ocr_line' id='line_1_31' title="bbox 123 2629 1666 2695; baseline 0.006 -19"><span class='ocrx_word' id='word_1_224' title='bbox 123 2629 341 2693; x_wconf 88' lang='lat' dir='ltr'>reliquos</span> <span class='ocrx_word' id='word_1_225' title='bbox 359 2629 555 2678; x_wconf 88' lang='lat' dir='ltr'>labores</span> <span class='ocrx_word' id='word_1_226' title='bbox 573 2647 664 2694; x_wconf 92' lang='lat' dir='ltr'>pro</span> <span class='ocrx_word' id='word_1_227' title='bbox 682 2633 870 2695; x_wconf 87' lang='lat' dir='ltr'>praeda</span> <span class='ocrx_word' id='word_1_228' title='bbox 888 2633 1008 2681; x_wconf 80' lang='lat' dir='ltr'>fore.</span> <span class='ocrx_word' id='word_1_229' title='bbox 1073 2633 1263 2680; x_wconf 86' lang='lat' dir='ltr'>Tamen</span> <span class='ocrx_word' id='word_1_230' title='bbox 1281 2633 1487 2683; x_wconf 89' lang='lat' dir='ltr'>interim</span> <span class='ocrx_word' id='word_1_231' title='bbox 1506 2641 1666 2687; x_wconf 88' lang='lat' dir='ltr'>trans</span> 
     </span>
     <span class='ocr_line' id='line_1_32' title="bbox 121 2711 1663 2780; baseline 0.006 -20"><span class='ocrx_word' id='word_1_232' title='bbox 121 2711 268 2776; x_wconf 83' lang='lat' dir='ltr'>fugas</span> <span class='ocrx_word' id='word_1_233' title='bbox 303 2718 356 2761; x_wconf 90' lang='lat' dir='ltr'>et</span> <span class='ocrx_word' id='word_1_234' title='bbox 382 2714 508 2762; x_wconf 89' lang='lat' dir='ltr'>alios</span> <span class='ocrx_word' id='word_1_235' title='bbox 539 2721 862 2778; x_wconf 91' lang='lat' dir='ltr'>opportunos,</span> <span class='ocrx_word' id='word_1_236' title='bbox 889 2717 926 2765; x_wconf 83' lang='lat' dir='ltr'><strong>J</strong></span> <span class='ocrx_word' id='word_1_237' title='bbox 931 2717 1151 2780; x_wconf 86' lang='lat' dir='ltr'>ugurtha</span> <span class='ocrx_word' id='word_1_238' title='bbox 1186 2717 1275 2764; x_wconf 90' lang='lat' dir='ltr'>ubi</span> <span class='ocrx_word' id='word_1_239' title='bbox 1309 2719 1537 2780; x_wconf 89' lang='lat' dir='ltr'>gentium</span> <span class='ocrx_word' id='word_1_240' title='bbox 1574 2728 1663 2770; x_wconf 88' lang='lat' dir='ltr'>aut</span> 
     </span>
     <span class='ocr_line' id='line_1_33' title="bbox 121 2795 1662 2862; baseline 0.007 -19"><span class='ocrx_word' id='word_1_241' title='bbox 121 2795 244 2860; x_wconf 87' lang='lat' dir='ltr'>quid</span> <span class='ocrx_word' id='word_1_242' title='bbox 267 2796 498 2860; x_wconf 86' lang='lat' dir='ltr'>agitaret,</span> <span class='ocrx_word' id='word_1_243' title='bbox 525 2814 639 2845; x_wconf 92' lang='lat' dir='ltr'>cum</span> <span class='ocrx_word' id='word_1_244' title='bbox 675 2800 914 2862; x_wconf 90' lang='lat' dir='ltr'>paucisne</span> <span class='ocrx_word' id='word_1_245' title='bbox 951 2806 1095 2861; x_wconf 87' lang='lat' dir='ltr'>esset,</span> <span class='ocrx_word' id='word_1_246' title='bbox 1123 2818 1188 2848; x_wconf 90' lang='lat' dir='ltr'>an</span> <span class='ocrx_word' id='word_1_247' title='bbox 1213 2802 1492 2851; x_wconf 84' lang='lat' dir='ltr'>exercitum</span> <span class='ocrx_word' id='word_1_248' title='bbox 1517 2804 1662 2855; x_wconf 87' lang='lat' dir='ltr'>habe-</span> 
     </span>
    </p>
   </div>
  </div>
 </body>
</html>
