1875 3133
455 129 843 180 SALLUSTJI
884 128 1286 179 JUGURTHA.
1584 133 1644 179 19

107 245 290 310 cupido
313 243 603 308 Jugurthae
634 244 989 292 minuebatur:
1028 243 1213 308 quippe
1239 244 1326 307 qui
1350 248 1515 291 totum
1541 245 1650 307 ejus

107 347 318 394 regnum
344 329 513 377 animo
543 328 650 391 jam
675 328 944 375 invaserat.
1022 328 1206 392 Itaque
1241 344 1359 387 non,
1387 332 1447 374 ut
1482 333 1649 385 antea,

107 431 221 462 cum
246 412 568 478 praedatoria
590 428 761 471 manu,
780 411 866 459 sed
892 427 1072 475 magno
1092 411 1320 459 exercitu
1345 416 1650 474 comparato,

106 498 297 547 bellum
333 512 504 560 gerere
541 495 707 559 coepit
743 499 796 543 et
836 500 1008 558 aperte
1050 494 1209 542 totius
1252 493 1527 541 Numidiae
1563 494 1650 541 im-

106 580 304 645 perium
341 583 524 643 petere.
603 578 839 626 Ceterum
877 594 976 641 qua
1013 576 1254 640 pergebat
1296 576 1461 634 urbes,
1506 592 1650 639 agros

107 667 323 721 vastare,
344 661 556 726 praedas
582 677 727 725 agere
737 678 750 722 ,·
777 661 881 709 suis
901 660 1143 720 animum,
1160 664 1403 706 terrorem
1419 658 1650 707 hostibus

107 763 302 812 augere.

210 830 366 879 XXI.
442 829 707 878 Adherbal
744 829 833 877 ubi
874 828 1117 892 intelligit
1152 845 1209 876 eo
1245 845 1547 892 processum,
1574 829 1651 876 uti

106 931 317 979 regnum
354 919 445 962 aut
491 913 880 977 relinquendum
927 917 1072 971 essct,
1111 917 1201 959 aut
1247 912 1399 959 armis
1435 912 1651 959 retinen-

107 999 245 1059 dum,
271 998 551 1046 necessario
577 998 745 1061 copias
769 1001 930 1061 parat,
952 1002 1004 1044 et
1022 996 1058 1044 J
1063 995 1310 1059 ugurthae
1337 996 1516 1044 obvius
1543 1012 1651 1060 pro-

107 1081 253 1130 cedit.
330 1080 546 1129 Interim
571 1080 708 1127 haud
733 1080 880 1142 longe
916 1096 946 1126 a
981 1078 1125 1138 mari,
1163 1095 1318 1143 prope
1352 1078 1544 1127 Cirtam
1571 1096 1652 1143 op-

106 1163 300 1228 pidum,
326 1162 591 1225 utriusque
616 1160 844 1208 consedit
880 1161 1161 1208 exercitus:
1201 1167 1253 1209 et
1291 1163 1410 1226 quia
1453 1163 1534 1211 die
1570 1179 1652 1211 ex-

106 1252 326 1294 tremum
350 1250 474 1304 erat,
491 1244 739 1309 proelium
764 1260 868 1291 non
886 1244 1157 1308 inceptum.
1229 1244 1338 1293 Ubi
1356 1247 1651 1310 plerumque

106 1329 270 1378 noctis
305 1328 563 1392 processit,
601 1327 813 1375 obscuro
861 1327 1014 1374 etiam
1062 1332 1173 1374 tum
1221 1327 1427 1387 lumine,
1465 1328 1652 1376 milites

106 1413 143 1462 J
146 1412 425 1477 ugurthini,
445 1411 586 1475 signo
612 1410 746 1471 dato,
765 1416 930 1458 castra
954 1410 1176 1458 hostium
1201 1411 1476 1473 invadunt,
1511 1413 1651 1460 semi-

107 1513 306 1545 somnos
331 1496 533 1560 partim,
560 1495 686 1543 alios
710 1512 850 1542 arma
887 1500 1142 1543 sumentes
1181 1495 1364 1558 fugant
1405 1495 1651 1544 fundunt-

107 1597 234 1644 que,
272 1580 537 1628 Adherbal
562 1596 676 1627 cum
700 1579 875 1643 paucis
900 1579 1156 1642 equitibus
1184 1578 1376 1627 Cirtam
1406 1580 1647 1643 profugit,

105 1669 158 1711 et
182 1663 237 1710 ni
272 1663 549 1711 multitudo
585 1667 872 1727 togatorum
908 1662 1102 1722 fuisset,
1131 1679 1258 1726 quae
1295 1663 1546 1712 Numidas
1578 1665 1650 1712 in-

105 1751 372 1810 sequentes
395 1746 658 1794 moem'bus
681 1745 957 1810 prohibuit,
979 1761 1080 1792 uno
1100 1744 1180 1792 die
1201 1745 1334 1792 inter
1358 1745 1482 1794 duos
1507 1763 1648 1810 reges

105 1834 340 1894 coeptum
376 1835 529 1893 atque
564 1834 824 1893 patratum
871 1829 1060 1876 bellum
1109 1828 1251 1875 foret.
1353 1828 1522 1892 Igitur
1557 1829 1648 1877 Ju-

104 1913 292 1978 gurtha
343 1914 585 1978 oppidum
637 1913 972 1973 circumsedit,
1017 1914 1179 1961 vineis
1226 1914 1551 1978 turribusque
1597 1921 1648 1963 et

105 1995 352 2044 machinis
411 1996 636 2044 omnium
697 2012 937 2059 generum
997 2012 1287 2059 expugnare
1341 1997 1644 2060 aggreditur,

103 2077 324 2126 maxime
347 2077 595 2125 festinans
631 2082 831 2141 tempus
868 2078 1147 2141 legatorum
1185 2083 1496 2142 antecapere,
1522 2097 1646 2143 quos

104 2164 223 2208 ante
258 2160 504 2224 proelium
541 2160 750 2220 factum,
788 2161 851 2207 ab
887 2160 1180 2208 Adherbale
1218 2160 1433 2208 Romam
1470 2163 1646 2210 missos

104 2241 382 2289 audiverat.
459 2241 557 2290 Sed
581 2247 849 2306 postquam
875 2248 1081 2290 senatus
1118 2243 1179 2290 de
1215 2244 1346 2290 bello
1373 2260 1543 2291 eorum
1570 2261 1644 2292 ac-

105 2326 254 2390 cepit,
279 2330 383 2374 tres
407 2326 749 2375 adolescentes
772 2328 827 2374 in
851 2327 1084 2374 Africam
1109 2328 1357 2390 legantur,
1385 2329 1472 2391 qui
1497 2331 1643 2378 ambo

103 2427 244 2474 reges
285 2409 485 2471 adeant,
525 2417 732 2460 senatus
767 2412 1040 2476 populique
1072 2411 1292 2459 Romani
1316 2413 1482 2460 verbis
1518 2430 1642 2460 nun-

103 2493 254 2552 cient,
297 2493 485 2541 “Velle
527 2499 579 2541 et
614 2510 831 2553 censere,
870 2510 953 2541 eos
989 2494 1053 2541 ab
1082 2493 1234 2540 armis
1259 2493 1542 2556 discedere3
1579 2495 1640 2543 de

103 2577 457 2624 controversiis
482 2577 586 2625 suis
616 2578 732 2640 jure
767 2578 952 2642 potius,
980 2594 1130 2640 quam
1155 2577 1302 2637 bello,
1331 2577 1639 2642 disceptare,

102 2660 176 2708 ita
200 2677 350 2724 seque
376 2660 576 2724 illisque
600 2661 810 2725 dignum
836 2661 986 2709 esse.⁷'

203 2743 391 2793 XXII.
468 2744 648 2808 Legati
683 2745 738 2792 in
774 2745 1006 2792 Africam
1056 2749 1371 2792 maturantes
1407 2746 1635 2804 veniunt,

99 2839 158 2874 eo
173 2825 347 2890 magis,
366 2825 499 2890 quod
520 2825 728 2887 Romae,
748 2826 868 2874 dum
888 2827 1135 2891 proficisci
1154 2831 1351 2891 parant,
1369 2826 1431 2873 de
1449 2828 1636 2890 proelio

1367 2913 1393 2945 6>
1470 2912 1498 2945 9

1367 2939 1498 2959 ..a—d
