<?xml version="1.0" encoding="UTF-8"?>
<!DOCTYPE html PUBLIC "-//W3C//DTD XHTML 1.0 Transitional//EN"
    "http://www.w3.org/TR/xhtml1/DTD/xhtml1-transitional.dtd">
<html xmlns="http://www.w3.org/1999/xhtml" xml:lang="en" lang="en">
 <head>
  <title>
</title>
<meta http-equiv="Content-Type" content="text/html;charset=utf-8" />
  <meta name='ocr-system' content='tesseract 3.04.00' />
  <meta name='ocr-capabilities' content='ocr_page ocr_carea ocr_par ocr_line ocrx_word'/>
</head>
<body>
  <div class='ocr_page' id='page_1' title='image "./jugurthaforusein00salluoft/jugurthaforusein00salluoft_0045.png"; bbox 0 0 1875 3133; ppageno 0'>
   <div class='ocr_carea' id='block_1_1' title="bbox 531 110 1722 165">
    <p class='ocr_par' dir='ltr' id='par_1_1' title="bbox 531 110 1722 165">
     <span class='ocr_line' id='line_1_1' title="bbox 531 110 1722 165; baseline -0.005 0"><span class='ocrx_word' id='word_1_1' title='bbox 531 115 711 165; x_wconf 79' lang='lat' dir='ltr'><strong><em>SALL</em></strong></span> <span class='ocrx_word' id='word_1_2' title='bbox 723 113 925 164; x_wconf 83' lang='lat' dir='ltr'>USTII</span> <span class='ocrx_word' id='word_1_3' title='bbox 967 112 1104 162; x_wconf 77' lang='lat' dir='ltr'>JUG</span> <span class='ocrx_word' id='word_1_4' title='bbox 1115 110 1372 160; x_wconf 76' lang='lat' dir='ltr'><em>URTHA.</em></span> <span class='ocrx_word' id='word_1_5' title='bbox 1658 111 1722 160; x_wconf 82' lang='lat'>37</span> 
     </span>
    </p>
   </div>
   <div class='ocr_carea' id='block_1_2' title="bbox 169 213 1737 2899">
    <p class='ocr_par' dir='ltr' id='par_1_2' title="bbox 169 213 1727 963">
     <span class='ocr_line' id='line_1_2' title="bbox 169 213 1727 282; baseline -0.007 -2"><span class='ocrx_word' id='word_1_6' title='bbox 169 213 471 281; x_wconf 45' lang='lat' dir='ltr'>{victori}</span> <span class='ocrx_word' id='word_1_7' title='bbox 495 228 737 275; x_wconf 86' lang='lat' dir='ltr'>nobilitas</span> <span class='ocrx_word' id='word_1_8' title='bbox 770 243 835 274; x_wconf 85' lang='lat' dir='ltr'>ex</span> <span class='ocrx_word' id='word_1_9' title='bbox 867 224 1097 272; x_wconf 82' lang='lat' dir='ltr'>lubidine</span> <span class='ocrx_word' id='word_1_10' title='bbox 1128 240 1220 271; x_wconf 85' lang='lat' dir='ltr'>sua</span> <span class='ocrx_word' id='word_1_11' title='bbox 1252 240 1359 282; x_wconf 88' lang='lat' dir='ltr'>usa,</span> <span class='ocrx_word' id='word_1_12' title='bbox 1386 222 1575 270; x_wconf 91' lang='lat' dir='ltr'>multos</span> <span class='ocrx_word' id='word_1_13' title='bbox 1599 239 1727 270; x_wconf 83' lang='lat' dir='ltr'>mor-</span> 
     </span>
     <span class='ocr_line' id='line_1_3' title="bbox 172 306 1724 373; baseline -0.006 -11"><span class='ocrx_word' id='word_1_14' title='bbox 172 314 298 362; x_wconf 82' lang='lat' dir='ltr'>tales</span> <span class='ocrx_word' id='word_1_15' title='bbox 332 312 468 360; x_wconf 79' lang='lat' dir='ltr'>ferro</span> <span class='ocrx_word' id='word_1_16' title='bbox 505 316 597 359; x_wconf 89' lang='lat' dir='ltr'>aut</span> <span class='ocrx_word' id='word_1_17' title='bbox 631 310 755 373; x_wconf 80' lang='lat' dir='ltr'>fuga</span> <span class='ocrx_word' id='word_1_18' title='bbox 797 308 1050 356; x_wconf 77' lang='lat' dir='ltr'>exstinxit</span> <span class='ocrx_word' id='word_1_19' title='bbox 1066 325 1079 368; x_wconf 79' lang='lat'><em>3</em></span> <span class='ocrx_word' id='word_1_20' title='bbox 1122 307 1337 371; x_wconf 90' lang='lat' dir='ltr'>plusque</span> <span class='ocrx_word' id='word_1_21' title='bbox 1380 306 1436 353; x_wconf 91' lang='lat' dir='ltr'>in</span> <span class='ocrx_word' id='word_1_22' title='bbox 1473 306 1724 370; x_wconf 85' lang='lat' dir='ltr'>reliquum</span> 
     </span>
     <span class='ocr_line' id='line_1_4' title="bbox 170 389 1726 459; baseline -0.004 -14"><span class='ocrx_word' id='word_1_23' title='bbox 170 397 268 446; x_wconf 89' lang='lat' dir='ltr'>sibi</span> <span class='ocrx_word' id='word_1_24' title='bbox 308 396 507 444; x_wconf 86' lang='lat' dir='ltr'>timoris</span> <span class='ocrx_word' id='word_1_25' title='bbox 543 412 696 459; x_wconf 90' lang='lat' dir='ltr'>quam</span> <span class='ocrx_word' id='word_1_26' title='bbox 739 391 1000 458; x_wconf 85' lang='lat' dir='ltr'>potentiae</span> <span class='ocrx_word' id='word_1_27' title='bbox 1036 390 1248 438; x_wconf 88' lang='lat' dir='ltr'>addidit.</span> <span class='ocrx_word' id='word_1_28' title='bbox 1327 389 1468 448; x_wconf 81' lang='lat' dir='ltr'>Quae</span> <span class='ocrx_word' id='word_1_29' title='bbox 1505 407 1585 438; x_wconf 89' lang='lat' dir='ltr'>res</span> <span class='ocrx_word' id='word_1_30' title='bbox 1627 392 1726 455; x_wconf 85' lang='lat' dir='ltr'>ple-</span> 
     </span>
     <span class='ocr_line' id='line_1_5' title="bbox 170 473 1726 544; baseline -0.004 -17"><span class='ocrx_word' id='word_1_31' title='bbox 170 495 385 544; x_wconf 90' lang='lat' dir='ltr'>rumque</span> <span class='ocrx_word' id='word_1_32' title='bbox 426 494 635 542; x_wconf 88' lang='lat' dir='ltr'>magnas</span> <span class='ocrx_word' id='word_1_33' title='bbox 674 476 910 524; x_wconf 88' lang='lat' dir='ltr'>civitates</span> <span class='ocrx_word' id='word_1_34' title='bbox 952 491 1154 539; x_wconf 80' lang='lat' dir='ltr'>pessum</span> <span class='ocrx_word' id='word_1_35' title='bbox 1198 473 1370 534; x_wconf 69' lang='lat' dir='ltr'>dedit,</span> <span class='ocrx_word' id='word_1_36' title='bbox 1414 473 1536 520; x_wconf 89' lang='lat' dir='ltr'>dum</span> <span class='ocrx_word' id='word_1_37' title='bbox 1578 474 1726 522; x_wconf 86' lang='lat' dir='ltr'>alteri</span> 
     </span>
     <span class='ocr_line' id='line_1_6' title="bbox 170 557 1727 625; baseline -0.006 -12"><span class='ocrx_word' id='word_1_38' title='bbox 170 565 358 613; x_wconf 87' lang='lat' dir='ltr'>alteros</span> <span class='ocrx_word' id='word_1_39' title='bbox 390 564 593 610; x_wconf 84' lang='lat' dir='ltr'>vincere</span> <span class='ocrx_word' id='word_1_40' title='bbox 626 561 807 625; x_wconf 89' lang='lat' dir='ltr'>quovis</span> <span class='ocrx_word' id='word_1_41' title='bbox 839 559 988 607; x_wconf 91' lang='lat' dir='ltr'>modo</span> <span class='ocrx_word' id='word_1_42' title='bbox 1014 564 1068 606; x_wconf 90' lang='lat' dir='ltr'>et</span> <span class='ocrx_word' id='word_1_43' title='bbox 1099 558 1262 605; x_wconf 81' lang='lat' dir='ltr'>victos</span> <span class='ocrx_word' id='word_1_44' title='bbox 1296 557 1526 605; x_wconf 82' lang='lat' dir='ltr'>acerbius</span> <span class='ocrx_word' id='word_1_45' title='bbox 1552 557 1727 606; x_wconf 88' lang='lat' dir='ltr'>ulcisci</span> 
     </span>
     <span class='ocr_line' id='line_1_7' title="bbox 170 642 1727 708; baseline -0.004 -12"><span class='ocrx_word' id='word_1_46' title='bbox 170 649 365 698; x_wconf 76' lang='lat' dir='ltr'>volunt.</span> <span class='ocrx_word' id='word_1_47' title='bbox 442 647 541 696; x_wconf 85' lang='lat' dir='ltr'>Sed</span> <span class='ocrx_word' id='word_1_48' title='bbox 575 647 637 695; x_wconf 93' lang='lat' dir='ltr'>de</span> <span class='ocrx_word' id='word_1_49' title='bbox 671 645 855 694; x_wconf 89' lang='lat' dir='ltr'>studiis</span> <span class='ocrx_word' id='word_1_50' title='bbox 891 644 1115 708; x_wconf 88' lang='lat' dir='ltr'>partium</span> <span class='ocrx_word' id='word_1_51' title='bbox 1150 648 1203 691; x_wconf 92' lang='lat' dir='ltr'>et</span> <span class='ocrx_word' id='word_1_52' title='bbox 1235 642 1469 690; x_wconf 84' lang='lat' dir='ltr'>omnibus</span> <span class='ocrx_word' id='word_1_53' title='bbox 1503 643 1727 690; x_wconf 74' lang='lat' dir='ltr'>civitatis</span> 
     </span>
     <span class='ocr_line' id='line_1_8' title="bbox 171 726 1726 795; baseline -0.005 -14"><span class='ocrx_word' id='word_1_54' title='bbox 171 733 397 780; x_wconf 89' lang='lat' dir='ltr'>moribus</span> <span class='ocrx_word' id='word_1_55' title='bbox 438 732 482 780; x_wconf 90' lang='lat' dir='ltr'>si</span> <span class='ocrx_word' id='word_1_56' title='bbox 530 730 825 795; x_wconf 82' lang='lat' dir='ltr'>singulatim</span> <span class='ocrx_word' id='word_1_57' title='bbox 874 734 966 776; x_wconf 89' lang='lat' dir='ltr'>aut</span> <span class='ocrx_word' id='word_1_58' title='bbox 1013 744 1104 792; x_wconf 91' lang='lat' dir='ltr'>pro</span> <span class='ocrx_word' id='word_1_59' title='bbox 1153 726 1507 789; x_wconf 69' lang='lat' dir='ltr'>magnitudine</span> <span class='ocrx_word' id='word_1_60' title='bbox 1554 744 1726 790; x_wconf 87' lang='lat' dir='ltr'>parem</span> 
     </span>
     <span class='ocr_line' id='line_1_9' title="bbox 172 810 1722 878; baseline -0.005 -12"><span class='ocrx_word' id='word_1_61' title='bbox 172 816 431 876; x_wconf 77' lang='lat' dir='ltr'>disserere,</span> <span class='ocrx_word' id='word_1_62' title='bbox 481 820 698 878; x_wconf 90' lang='lat' dir='ltr'>tempus,</span> <span class='ocrx_word' id='word_1_63' title='bbox 750 829 902 877; x_wconf 89' lang='lat' dir='ltr'>quam</span> <span class='ocrx_word' id='word_1_64' title='bbox 952 828 1032 859; x_wconf 86' lang='lat' dir='ltr'>res</span> <span class='ocrx_word' id='word_1_65' title='bbox 1080 811 1333 858; x_wconf 89' lang='lat' dir='ltr'>maturius</span> <span class='ocrx_word' id='word_1_66' title='bbox 1385 827 1465 858; x_wconf 92' lang='lat' dir='ltr'>me</span> <span class='ocrx_word' id='word_1_67' title='bbox 1513 810 1722 859; x_wconf 81' lang='lat' dir='ltr'>deseret.</span> 
     </span>
     <span class='ocr_line' id='line_1_10' title="bbox 172 897 1076 963; baseline -0.008 -12"><span class='ocrx_word' id='word_1_68' title='bbox 172 901 511 960; x_wconf 80' lang='lat' dir='ltr'>Quamobrem</span> <span class='ocrx_word' id='word_1_69' title='bbox 538 900 602 947; x_wconf 90' lang='lat' dir='ltr'>ad</span> <span class='ocrx_word' id='word_1_70' title='bbox 627 900 888 963; x_wconf 89' lang='lat' dir='ltr'>inceptum</span> <span class='ocrx_word' id='word_1_71' title='bbox 913 897 1076 945; x_wconf 89' lang='lat' dir='ltr'>redeo.</span> 
     </span>
    </p>

    <p class='ocr_par' dir='ltr' id='par_1_3' title="bbox 171 981 1737 2733">
     <span class='ocr_line' id='line_1_11' title="bbox 275 981 1727 1045; baseline -0.005 -11"><span class='ocrx_word' id='word_1_72' title='bbox 275 985 485 1034; x_wconf 88' lang='lat' dir='ltr'>XLIII.</span> <span class='ocrx_word' id='word_1_73' title='bbox 579 983 705 1032; x_wconf 88' lang='lat' dir='ltr'>Post</span> <span class='ocrx_word' id='word_1_74' title='bbox 751 982 881 1030; x_wconf 91' lang='lat' dir='ltr'>Auli</span> <span class='ocrx_word' id='word_1_75' title='bbox 929 981 1108 1029; x_wconf 81' lang='lat' dir='ltr'>foedus</span> <span class='ocrx_word' id='word_1_76' title='bbox 1164 981 1518 1045; x_wconf 77' lang='lat' dir='ltr'>exercitusque</span> <span class='ocrx_word' id='word_1_77' title='bbox 1566 981 1727 1028; x_wconf 85' lang='lat' dir='ltr'>nostri</span> 
     </span>
     <span class='ocr_line' id='line_1_12' title="bbox 171 1065 1729 1134; baseline -0.005 -14"><span class='ocrx_word' id='word_1_78' title='bbox 171 1071 372 1120; x_wconf 80' lang='lat' dir='ltr'>foedam</span> <span class='ocrx_word' id='word_1_79' title='bbox 414 1069 587 1134; x_wconf 80' lang='lat' dir='ltr'>fugam</span> <span class='ocrx_word' id='word_1_80' title='bbox 632 1068 687 1126; x_wconf 84' lang='lat' dir='ltr'>Q.</span> <span class='ocrx_word' id='word_1_81' title='bbox 731 1067 976 1114; x_wconf 85' lang='lat' dir='ltr'>Metellus</span> <span class='ocrx_word' id='word_1_82' title='bbox 1018 1072 1072 1114; x_wconf 90' lang='lat' dir='ltr'>et</span> <span class='ocrx_word' id='word_1_83' title='bbox 1113 1066 1184 1114; x_wconf 84' lang='lat' dir='ltr'>M.</span> <span class='ocrx_word' id='word_1_84' title='bbox 1235 1066 1454 1125; x_wconf 77' lang='lat' dir='ltr'>Silanus,</span> <span class='ocrx_word' id='word_1_85' title='bbox 1500 1065 1729 1114; x_wconf 85' lang='lat' dir='ltr'>consules</span> 
     </span>
     <span class='ocr_line' id='line_1_13' title="bbox 173 1149 1729 1219; baseline -0.005 -15"><span class='ocrx_word' id='word_1_86' title='bbox 173 1154 440 1219; x_wconf 88' lang='lat' dir='ltr'>designati,</span> <span class='ocrx_word' id='word_1_87' title='bbox 474 1151 763 1217; x_wconf 88' lang='lat' dir='ltr'>provincias</span> <span class='ocrx_word' id='word_1_88' title='bbox 797 1150 933 1197; x_wconf 87' lang='lat' dir='ltr'>inter</span> <span class='ocrx_word' id='word_1_89' title='bbox 966 1166 1018 1197; x_wconf 90' lang='lat' dir='ltr'>se</span> <span class='ocrx_word' id='word_1_90' title='bbox 1052 1150 1387 1214; x_wconf 83' lang='lat' dir='ltr'>partiverant,</span> <span class='ocrx_word' id='word_1_91' title='bbox 1416 1149 1729 1213; x_wconf 88' lang='lat' dir='ltr'>Metelloque</span> 
     </span>
     <span class='ocr_line' id='line_1_14' title="bbox 173 1233 1729 1298; baseline -0.004 -10"><span class='ocrx_word' id='word_1_92' title='bbox 173 1238 425 1288; x_wconf 83' lang='lat' dir='ltr'>Numidia</span> <span class='ocrx_word' id='word_1_93' title='bbox 471 1240 726 1295; x_wconf 87' lang='lat' dir='ltr'>evenerat,</span> <span class='ocrx_word' id='word_1_94' title='bbox 772 1235 876 1282; x_wconf 86' lang='lat' dir='ltr'>acri</span> <span class='ocrx_word' id='word_1_95' title='bbox 918 1234 1029 1282; x_wconf 85' lang='lat' dir='ltr'>viro</span> <span class='ocrx_word' id='word_1_96' title='bbox 1073 1239 1126 1282; x_wconf 90' lang='lat' dir='ltr'>et</span> <span class='ocrx_word' id='word_1_97' title='bbox 1167 1233 1729 1298; x_wconf 55' lang='lat' dir='ltr'>quamquam,„ad1erso</span> 
     </span>
     <span class='ocr_line' id='line_1_15' title="bbox 172 1319 1730 1390; baseline -0.004 -16"><span class='ocrx_word' id='word_1_98' title='bbox 172 1325 349 1390; x_wconf 90' lang='lat' dir='ltr'>populi</span> <span class='ocrx_word' id='word_1_99' title='bbox 372 1323 596 1388; x_wconf 84' lang='lat' dir='ltr'>partium</span> <span class='ocrx_word' id='word_1_100' title='bbox 622 1321 761 1369; x_wconf 61' lang='lat' dir='ltr'>fama</span> <span class='ocrx_word' id='word_1_101' title='bbox 784 1326 959 1369; x_wconf 87' lang='lat' dir='ltr'>tamen</span> <span class='ocrx_word' id='word_1_102' title='bbox 983 1321 1237 1385; x_wconf 87' lang='lat' dir='ltr'>aequabili</span> <span class='ocrx_word' id='word_1_103' title='bbox 1264 1326 1317 1369; x_wconf 91' lang='lat' dir='ltr'>et</span> <span class='ocrx_word' id='word_1_104' title='bbox 1341 1320 1600 1368; x_wconf 68' lang='lat' dir='ltr'>inviolata.</span> <span class='ocrx_word' id='word_1_105' title='bbox 1676 1319 1730 1366; x_wconf 88' lang='lat' dir='ltr'>Is</span> 
     </span>
     <span class='ocr_line' id='line_1_16' title="bbox 174 1404 1731 1474; baseline -0.005 -16"><span class='ocrx_word' id='word_1_106' title='bbox 174 1410 263 1458; x_wconf 90' lang='lat' dir='ltr'>ubi</span> <span class='ocrx_word' id='word_1_107' title='bbox 286 1409 508 1474; x_wconf 90' lang='lat' dir='ltr'>primum</span> <span class='ocrx_word' id='word_1_108' title='bbox 534 1407 891 1471; x_wconf 85' lang='lat' dir='ltr'>magistratum</span> <span class='ocrx_word' id='word_1_109' title='bbox 917 1407 1174 1470; x_wconf 89' lang='lat' dir='ltr'>ingressus</span> <span class='ocrx_word' id='word_1_110' title='bbox 1200 1411 1291 1466; x_wconf 87' lang='lat' dir='ltr'>est,</span> <span class='ocrx_word' id='word_1_111' title='bbox 1314 1406 1415 1454; x_wconf 90' lang='lat' dir='ltr'>alia</span> <span class='ocrx_word' id='word_1_112' title='bbox 1440 1404 1610 1453; x_wconf 84' lang='lat' dir='ltr'>omnia</span> <span class='ocrx_word' id='word_1_113' title='bbox 1635 1404 1731 1452; x_wconf 87' lang='lat' dir='ltr'>sibi</span> 
     </span>
     <span class='ocr_line' id='line_1_17' title="bbox 174 1490 1729 1556; baseline -0.004 -14"><span class='ocrx_word' id='word_1_114' title='bbox 174 1511 289 1543; x_wconf 91' lang='lat' dir='ltr'>cum</span> <span class='ocrx_word' id='word_1_115' title='bbox 338 1493 529 1556; x_wconf 86' lang='lat' dir='ltr'>collega</span> <span class='ocrx_word' id='word_1_116' title='bbox 575 1496 733 1552; x_wconf 87' lang='lat' dir='ltr'>ratus,</span> <span class='ocrx_word' id='word_1_117' title='bbox 779 1490 844 1538; x_wconf 87' lang='lat' dir='ltr'>ad</span> <span class='ocrx_word' id='word_1_118' title='bbox 886 1491 1093 1550; x_wconf 88' lang='lat' dir='ltr'>bellum,</span> <span class='ocrx_word' id='word_1_119' title='bbox 1139 1490 1274 1554; x_wconf 90' lang='lat' dir='ltr'>quod</span> <span class='ocrx_word' id='word_1_120' title='bbox 1321 1495 1558 1554; x_wconf 88' lang='lat' dir='ltr'>gesturus</span> <span class='ocrx_word' id='word_1_121' title='bbox 1605 1495 1729 1547; x_wconf 88' lang='lat' dir='ltr'>erat,</span> 
     </span>
     <span class='ocr_line' id='line_1_18' title="bbox 175 1572 1729 1638; baseline -0.006 -11"><span class='ocrx_word' id='word_1_122' title='bbox 175 1578 402 1627; x_wconf 88' lang='lat' dir='ltr'>animum</span> <span class='ocrx_word' id='word_1_123' title='bbox 450 1575 685 1624; x_wconf 85' lang='lat' dir='ltr'>intendit.</span> <span class='ocrx_word' id='word_1_124' title='bbox 764 1574 935 1638; x_wconf 82' lang='lat' dir='ltr'>Igitur</span> <span class='ocrx_word' id='word_1_125' title='bbox 982 1573 1215 1622; x_wconf 90' lang='lat' dir='ltr'>diffidens</span> <span class='ocrx_word' id='word_1_126' title='bbox 1262 1573 1425 1621; x_wconf 86' lang='lat' dir='ltr'>veteri</span> <span class='ocrx_word' id='word_1_127' title='bbox 1467 1572 1729 1629; x_wconf 83' lang='lat' dir='ltr'>exercitui,</span> 
     </span>
     <span class='ocr_line' id='line_1_19' title="bbox 174 1657 1729 1723; baseline -0.005 -13"><span class='ocrx_word' id='word_1_128' title='bbox 174 1662 364 1710; x_wconf 85' lang='lat' dir='ltr'>milites</span> <span class='ocrx_word' id='word_1_129' title='bbox 412 1659 645 1718; x_wconf 88' lang='lat' dir='ltr'>scribere,</span> <span class='ocrx_word' id='word_1_130' title='bbox 689 1657 942 1723; x_wconf 85' lang='lat' dir='ltr'>praesidia</span> <span class='ocrx_word' id='word_1_131' title='bbox 990 1657 1216 1720; x_wconf 87' lang='lat' dir='ltr'>undique</span> <span class='ocrx_word' id='word_1_132' title='bbox 1265 1672 1529 1715; x_wconf 87' lang='lat' dir='ltr'>arcessere,</span> <span class='ocrx_word' id='word_1_133' title='bbox 1575 1671 1729 1710; x_wconf 83' lang='lat' dir='ltr'>arma,</span> 
     </span>
     <span class='ocr_line' id='line_1_20' title="bbox 175 1740 1731 1811; baseline -0.006 -14"><span class='ocrx_word' id='word_1_134' title='bbox 175 1747 293 1808; x_wconf 86' lang='lat' dir='ltr'>tela,</span> <span class='ocrx_word' id='word_1_135' title='bbox 324 1763 494 1811; x_wconf 90' lang='lat' dir='ltr'>equos,</span> <span class='ocrx_word' id='word_1_136' title='bbox 525 1750 578 1793; x_wconf 92' lang='lat' dir='ltr'>et</span> <span class='ocrx_word' id='word_1_137' title='bbox 614 1749 782 1793; x_wconf 89' lang='lat' dir='ltr'>cetera</span> <span class='ocrx_word' id='word_1_138' title='bbox 817 1743 1161 1790; x_wconf 89' lang='lat' dir='ltr'>instrumenta</span> <span class='ocrx_word' id='word_1_139' title='bbox 1196 1742 1410 1790; x_wconf 87' lang='lat' dir='ltr'>militiae</span> <span class='ocrx_word' id='word_1_140' title='bbox 1442 1757 1637 1805; x_wconf 87' lang='lat' dir='ltr'>parare,</span> <span class='ocrx_word' id='word_1_141' title='bbox 1668 1740 1731 1787; x_wconf 88' lang='lat' dir='ltr'>ad</span> 
     </span>
     <span class='ocr_line' id='line_1_21' title="bbox 175 1823 1732 1890; baseline -0.007 -10"><span class='ocrx_word' id='word_1_142' title='bbox 175 1832 270 1880; x_wconf 88' lang='lat' dir='ltr'>hoc</span> <span class='ocrx_word' id='word_1_143' title='bbox 306 1834 643 1879; x_wconf 85' lang='lat' dir='ltr'>commeatum</span> <span class='ocrx_word' id='word_1_144' title='bbox 681 1826 907 1888; x_wconf 70' lang='lat' dir='ltr'>affatim,</span> <span class='ocrx_word' id='word_1_145' title='bbox 956 1826 1175 1890; x_wconf 91' lang='lat' dir='ltr'>denique</span> <span class='ocrx_word' id='word_1_146' title='bbox 1212 1825 1396 1885; x_wconf 88' lang='lat' dir='ltr'>omnia,</span> <span class='ocrx_word' id='word_1_147' title='bbox 1435 1840 1564 1888; x_wconf 88' lang='lat' dir='ltr'>quae</span> <span class='ocrx_word' id='word_1_148' title='bbox 1600 1823 1732 1871; x_wconf 86' lang='lat' dir='ltr'>bello</span> 
     </span>
     <span class='ocr_line' id='line_1_22' title="bbox 176 1898 1727 1974; baseline -0.005 -11"><span class='ocrx_word' id='word_1_149' title='bbox 176 1915 318 1965; x_wconf 87' lang='lat' dir='ltr'>vario</span> <span class='ocrx_word' id='word_1_150' title='bbox 366 1919 420 1963; x_wconf 88' lang='lat' dir='ltr'>et</span> <span class='ocrx_word' id='word_1_151' title='bbox 465 1898 772 1960; x_wconf 31' lang='lat' dir='ltr'>multarum(</span> <span class='ocrx_word' id='word_1_152' title='bbox 792 1927 963 1958; x_wconf 89' lang='lat' dir='ltr'>rerum</span> <span class='ocrx_word' id='word_1_153' title='bbox 1013 1909 1183 1974; x_wconf 88' lang='lat' dir='ltr'>egenti</span> <span class='ocrx_word' id='word_1_154' title='bbox 1232 1909 1348 1957; x_wconf 91' lang='lat' dir='ltr'>usui</span> <span class='ocrx_word' id='word_1_155' title='bbox 1396 1925 1503 1957; x_wconf 89' lang='lat' dir='ltr'>esse</span> <span class='ocrx_word' id='word_1_156' title='bbox 1552 1909 1727 1957; x_wconf 89' lang='lat' dir='ltr'>solent.</span> 
     </span>
     <span class='ocr_line' id='line_1_23' title="bbox 178 1995 1734 2063; baseline -0.006 -13"><span class='ocrx_word' id='word_1_157' title='bbox 178 2001 415 2051; x_wconf 86' lang='lat' dir='ltr'>Ceterum</span> <span class='ocrx_word' id='word_1_158' title='bbox 453 1999 516 2048; x_wconf 85' lang='lat' dir='ltr'>ad</span> <span class='ocrx_word' id='word_1_159' title='bbox 560 2015 620 2047; x_wconf 89' lang='lat' dir='ltr'>ea</span> <span class='ocrx_word' id='word_1_160' title='bbox 654 1997 908 2063; x_wconf 86' lang='lat' dir='ltr'>patranda</span> <span class='ocrx_word' id='word_1_161' title='bbox 943 1996 1107 2044; x_wconf 84' lang='lat' dir='ltr'>senati</span> <span class='ocrx_word' id='word_1_162' title='bbox 1144 1995 1450 2043; x_wconf 88' lang='lat' dir='ltr'>auctoritate</span> <span class='ocrx_word' id='word_1_163' title='bbox 1487 1995 1609 2042; x_wconf 90' lang='lat' dir='ltr'>socii</span> <span class='ocrx_word' id='word_1_164' title='bbox 1650 2010 1734 2041; x_wconf 89' lang='lat' dir='ltr'>no-</span> 
     </span>
     <span class='ocr_line' id='line_1_24' title="bbox 177 2079 1735 2150; baseline -0.006 -16"><span class='ocrx_word' id='word_1_165' title='bbox 177 2101 394 2150; x_wconf 89' lang='lat' dir='ltr'>menque</span> <span class='ocrx_word' id='word_1_166' title='bbox 426 2083 687 2143; x_wconf 86' lang='lat' dir='ltr'>Latinum,</span> <span class='ocrx_word' id='word_1_167' title='bbox 714 2087 768 2131; x_wconf 92' lang='lat' dir='ltr'>et</span> <span class='ocrx_word' id='word_1_168' title='bbox 790 2098 933 2145; x_wconf 85' lang='lat' dir='ltr'>reges</span> <span class='ocrx_word' id='word_1_169' title='bbox 967 2081 1102 2128; x_wconf 91' lang='lat' dir='ltr'>ultro</span> <span class='ocrx_word' id='word_1_170' title='bbox 1128 2080 1323 2128; x_wconf 81' lang='lat' dir='ltr'>auxilia</span> <span class='ocrx_word' id='word_1_171' title='bbox 1355 2079 1590 2140; x_wconf 73' lang='lat' dir='ltr'>mittere,</span> <span class='ocrx_word' id='word_1_172' title='bbox 1626 2095 1735 2143; x_wconf 81' lang='lat' dir='ltr'>pos-</span> 
     </span>
     <span class='ocr_line' id='line_1_25' title="bbox 178 2162 1735 2216; baseline -0.004 0"><span class='ocrx_word' id='word_1_173' title='bbox 178 2174 340 2216; x_wconf 90' lang='lat' dir='ltr'>tremo</span> <span class='ocrx_word' id='word_1_174' title='bbox 365 2167 529 2215; x_wconf 83' lang='lat' dir='ltr'>omm‘s</span> <span class='ocrx_word' id='word_1_175' title='bbox 562 2166 744 2214; x_wconf 86' lang='lat' dir='ltr'>civitas</span> <span class='ocrx_word' id='word_1_176' title='bbox 777 2181 974 2213; x_wconf 91' lang='lat' dir='ltr'>summo</span> <span class='ocrx_word' id='word_1_177' title='bbox 1009 2163 1180 2211; x_wconf 90' lang='lat' dir='ltr'>studio</span> <span class='ocrx_word' id='word_1_178' title='bbox 1212 2163 1553 2211; x_wconf 89' lang='lat' dir='ltr'>adnitebatur.</span> <span class='ocrx_word' id='word_1_179' title='bbox 1632 2162 1735 2210; x_wconf 84' lang='lat' dir='ltr'>Ita-</span> 
     </span>
     <span class='ocr_line' id='line_1_26' title="bbox 179 2245 1733 2314; baseline -0.005 -15"><span class='ocrx_word' id='word_1_180' title='bbox 179 2266 277 2314; x_wconf 88' lang='lat' dir='ltr'>que</span> <span class='ocrx_word' id='word_1_181' title='bbox 302 2266 366 2298; x_wconf 85' lang='lat' dir='ltr'>ex</span> <span class='ocrx_word' id='word_1_182' title='bbox 390 2250 646 2298; x_wconf 87' lang='lat' dir='ltr'>sententia</span> <span class='ocrx_word' id='word_1_183' title='bbox 671 2249 907 2297; x_wconf 92' lang='lat' dir='ltr'>omnibus</span> <span class='ocrx_word' id='word_1_184' title='bbox 931 2248 1083 2296; x_wconf 89' lang='lat' dir='ltr'>rebus</span> <span class='ocrx_word' id='word_1_185' title='bbox 1108 2247 1302 2312; x_wconf 88' lang='lat' dir='ltr'>paratis</span> <span class='ocrx_word' id='word_1_186' title='bbox 1328 2245 1733 2310; x_wconf 77' lang='lat' dir='ltr'>compositisque,</span> 
     </span>
     <span class='ocr_line' id='line_1_27' title="bbox 180 2331 1734 2400; baseline -0.003 -17"><span class='ocrx_word' id='word_1_187' title='bbox 180 2335 236 2383; x_wconf 88' lang='lat' dir='ltr'>in</span> <span class='ocrx_word' id='word_1_188' title='bbox 276 2334 577 2383; x_wconf 85' lang='lat' dir='ltr'>Numidiam</span> <span class='ocrx_word' id='word_1_189' title='bbox 614 2334 953 2400; x_wconf 89' lang='lat' dir='ltr'>proficiscitur</span> <span class='ocrx_word' id='word_1_190' title='bbox 988 2349 1173 2396; x_wconf 85' lang='lat' dir='ltr'>magna</span> <span class='ocrx_word' id='word_1_191' title='bbox 1210 2348 1297 2396; x_wconf 92' lang='lat' dir='ltr'>spe</span> <span class='ocrx_word' id='word_1_192' title='bbox 1335 2331 1539 2391; x_wconf 78' lang='lat' dir='ltr'>civium,</span> <span class='ocrx_word' id='word_1_193' title='bbox 1578 2348 1734 2395; x_wconf 82' lang='lat' dir='ltr'>quum</span> 
     </span>
     <span class='ocr_line' id='line_1_28' title="bbox 180 2415 1737 2484; baseline -0.003 -17"><span class='ocrx_word' id='word_1_194' title='bbox 180 2424 388 2484; x_wconf 86' lang='lat' dir='ltr'>propter</span> <span class='ocrx_word' id='word_1_195' title='bbox 411 2419 569 2467; x_wconf 87' lang='lat' dir='ltr'>bonas</span> <span class='ocrx_word' id='word_1_196' title='bbox 593 2425 744 2478; x_wconf 87' lang='lat' dir='ltr'>artes,</span> <span class='ocrx_word' id='word_1_197' title='bbox 765 2423 877 2466; x_wconf 89' lang='lat' dir='ltr'>tum</span> <span class='ocrx_word' id='word_1_198' title='bbox 902 2417 1139 2476; x_wconf 77' lang='lat' dir='ltr'>maxime,</span> <span class='ocrx_word' id='word_1_199' title='bbox 1162 2415 1296 2480; x_wconf 88' lang='lat' dir='ltr'>quod</span> <span class='ocrx_word' id='word_1_200' title='bbox 1323 2415 1591 2463; x_wconf 83' lang='lat' dir='ltr'>adversum</span> <span class='ocrx_word' id='word_1_201' title='bbox 1611 2415 1737 2463; x_wconf 78' lang='lat' dir='ltr'>djvi-</span> 
     </span>
     <span class='ocr_line' id='line_1_29' title="bbox 182 2496 1736 2565; baseline -0.003 -15"><span class='ocrx_word' id='word_1_202' title='bbox 182 2502 281 2551; x_wconf 87' lang='lat' dir='ltr'>tias</span> <span class='ocrx_word' id='word_1_203' title='bbox 316 2501 566 2550; x_wconf 90' lang='lat' dir='ltr'>invictum</span> <span class='ocrx_word' id='word_1_204' title='bbox 603 2502 830 2549; x_wconf 90' lang='lat' dir='ltr'>animum</span> <span class='ocrx_word' id='word_1_205' title='bbox 868 2501 1090 2565; x_wconf 84' lang='lat' dir='ltr'>gerebat,</span> <span class='ocrx_word' id='word_1_206' title='bbox 1130 2504 1183 2546; x_wconf 91' lang='lat' dir='ltr'>et</span> <span class='ocrx_word' id='word_1_207' title='bbox 1219 2496 1438 2546; x_wconf 73' lang='lat' dir='ltr'>avaritia</span> <span class='ocrx_word' id='word_1_208' title='bbox 1476 2498 1736 2562; x_wconf 82' lang='lat' dir='ltr'>magistra-</span> 
     </span>
     <span class='ocr_line' id='line_1_30' title="bbox 182 2583 1734 2650; baseline -0.003 -16"><span class='ocrx_word' id='word_1_209' title='bbox 182 2593 330 2635; x_wconf 88' lang='lat' dir='ltr'>tuum</span> <span class='ocrx_word' id='word_1_210' title='bbox 347 2591 466 2634; x_wconf 90' lang='lat' dir='ltr'>ante</span> <span class='ocrx_word' id='word_1_211' title='bbox 486 2584 539 2632; x_wconf 90' lang='lat' dir='ltr'>id</span> <span class='ocrx_word' id='word_1_212' title='bbox 558 2591 760 2650; x_wconf 88' lang='lat' dir='ltr'>tempus</span> <span class='ocrx_word' id='word_1_213' title='bbox 779 2585 833 2632; x_wconf 93' lang='lat' dir='ltr'>in</span> <span class='ocrx_word' id='word_1_214' title='bbox 850 2583 1100 2632; x_wconf 88' lang='lat' dir='ltr'>Numidia</span> <span class='ocrx_word' id='word_1_215' title='bbox 1118 2588 1321 2629; x_wconf 83' lang='lat' dir='ltr'>nostrae</span> <span class='ocrx_word' id='word_1_216' title='bbox 1341 2598 1460 2646; x_wconf 87' lang='lat' dir='ltr'>opes</span> <span class='ocrx_word' id='word_1_217' title='bbox 1480 2587 1734 2639; x_wconf 82' lang='lat' dir='ltr'>contusae,</span> 
     </span>
     <span class='ocr_line' id='line_1_31' title="bbox 183 2670 894 2733; baseline -0.006 -14"><span class='ocrx_word' id='word_1_218' title='bbox 183 2670 507 2733; x_wconf 85' lang='lat' dir='ltr'>hostiumque</span> <span class='ocrx_word' id='word_1_219' title='bbox 531 2674 710 2717; x_wconf 85' lang='lat' dir='ltr'>auctae</span> <span class='ocrx_word' id='word_1_220' title='bbox 736 2674 894 2716; x_wconf 85' lang='lat' dir='ltr'>erant.</span> 
     </span>
    </p>

    <p class='ocr_par' dir='ltr' id='par_1_4' title="bbox 185 2747 1737 2899">
     <span class='ocr_line' id='line_1_32' title="bbox 287 2747 1736 2808; baseline -0.003 -8"><span class='ocrx_word' id='word_1_221' title='bbox 287 2751 488 2801; x_wconf 87' lang='lat' dir='ltr'>XLIV.</span> <span class='ocrx_word' id='word_1_222' title='bbox 566 2750 665 2799; x_wconf 86' lang='lat' dir='ltr'>Sed</span> <span class='ocrx_word' id='word_1_223' title='bbox 704 2751 793 2799; x_wconf 86' lang='lat' dir='ltr'>ubi</span> <span class='ocrx_word' id='word_1_224' title='bbox 831 2751 886 2799; x_wconf 92' lang='lat' dir='ltr'>in</span> <span class='ocrx_word' id='word_1_225' title='bbox 924 2751 1160 2799; x_wconf 80' lang='lat' dir='ltr'>Africam</span> <span class='ocrx_word' id='word_1_226' title='bbox 1199 2749 1358 2808; x_wconf 80' lang='lat' dir='ltr'>venit,</span> <span class='ocrx_word' id='word_1_227' title='bbox 1399 2748 1654 2796; x_wconf 81' lang='lat' dir='ltr'>exercitus</span> <span class='ocrx_word' id='word_1_228' title='bbox 1691 2747 1736 2795; x_wconf 84' lang='lat' dir='ltr'>ei</span> 
     </span>
     <span class='ocr_line' id='line_1_33' title="bbox 185 2832 1737 2899; baseline -0.005 -14"><span class='ocrx_word' id='word_1_229' title='bbox 185 2836 410 2886; x_wconf 82' lang='lat' dir='ltr'>traditur</span> <span class='ocrx_word' id='word_1_230' title='bbox 442 2834 523 2899; x_wconf 85' lang='lat' dir='ltr'>Sp.</span> <span class='ocrx_word' id='word_1_231' title='bbox 559 2834 743 2882; x_wconf 77' lang='lat' dir='ltr'>Albini</span> <span class='ocrx_word' id='word_1_232' title='bbox 774 2835 1088 2899; x_wconf 87' lang='lat' dir='ltr'>proconsulis</span> <span class='ocrx_word' id='word_1_233' title='bbox 1122 2834 1272 2892; x_wconf 89' lang='lat' dir='ltr'>iners,</span> <span class='ocrx_word' id='word_1_234' title='bbox 1308 2832 1541 2891; x_wconf 81' lang='lat' dir='ltr'>imbellis,</span> <span class='ocrx_word' id='word_1_235' title='bbox 1575 2848 1737 2895; x_wconf 89' lang='lat' dir='ltr'>neque</span> 
     </span>
    </p>
   </div>
  </div>
 </body>
</html>
