<?xml version="1.0" encoding="UTF-8"?>
<!DOCTYPE html PUBLIC "-//W3C//DTD XHTML 1.0 Transitional//EN"
    "http://www.w3.org/TR/xhtml1/DTD/xhtml1-transitional.dtd">
<html xmlns="http://www.w3.org/1999/xhtml" xml:lang="en" lang="en">
 <head>
  <title>
</title>
<meta http-equiv="Content-Type" content="text/html;charset=utf-8" />
  <meta name='ocr-system' content='tesseract 3.04.00' />
  <meta name='ocr-capabilities' content='ocr_page ocr_carea ocr_par ocr_line ocrx_word'/>
</head>
<body>
  <div class='ocr_page' id='page_1' title='image "./jugurthaforusein00salluoft/jugurthaforusein00salluoft_0061.png"; bbox 0 0 1875 3133; ppageno 0'>
   <div class='ocr_carea' id='block_1_1' title="bbox 523 135 1704 187">
    <p class='ocr_par' dir='ltr' id='par_1_1' title="bbox 523 135 1704 187">
     <span class='ocr_line' id='line_1_1' title="bbox 523 135 1704 187; baseline 0.002 -2"><span class='ocrx_word' id='word_1_1' title='bbox 523 135 910 186; x_wconf 76' lang='lat' dir='ltr'><em>SALLUSTJI</em></span> <span class='ocrx_word' id='word_1_2' title='bbox 952 136 1354 185; x_wconf 76' lang='lat' dir='ltr'><em>JUGURTHA.</em></span> <span class='ocrx_word' id='word_1_3' title='bbox 1641 140 1704 187; x_wconf 80' lang='lat'>53</span> 
     </span>
    </p>
   </div>
   <div class='ocr_carea' id='block_1_2' title="bbox 136 247 1752 2896">
    <p class='ocr_par' dir='ltr' id='par_1_2' title="bbox 136 247 1752 2314">
     <span class='ocr_line' id='line_1_2' title="bbox 266 247 1707 312; baseline 0.001 -16"><span class='ocrx_word' id='word_1_4' title='bbox 266 248 474 296; x_wconf 90' lang='lat' dir='ltr'>LXIII.</span> <span class='ocrx_word' id='word_1_5' title='bbox 551 248 650 296; x_wconf 89' lang='lat' dir='ltr'>Per</span> <span class='ocrx_word' id='word_1_6' title='bbox 678 248 812 295; x_wconf 89' lang='lat' dir='ltr'>idem</span> <span class='ocrx_word' id='word_1_7' title='bbox 841 253 1041 312; x_wconf 70' lang='lat' dir='ltr'>tempus</span> <span class='ocrx_word' id='word_1_8' title='bbox 1076 248 1262 297; x_wconf 77' lang='lat' dir='ltr'>Uticae</span> <span class='ocrx_word' id='word_1_9' title='bbox 1291 248 1423 296; x_wconf 80' lang='lat' dir='ltr'>forte</span> <span class='ocrx_word' id='word_1_10' title='bbox 1458 247 1509 297; x_wconf 83' lang='lat' dir='ltr'>O.</span> <span class='ocrx_word' id='word_1_11' title='bbox 1541 249 1707 297; x_wconf 85' lang='lat' dir='ltr'>Mario</span> 
     </span>
     <span class='ocr_line' id='line_1_3' title="bbox 161 331 1709 396; baseline 0 -16"><span class='ocrx_word' id='word_1_12' title='bbox 161 348 253 396; x_wconf 83' lang='lat' dir='ltr'>per</span> <span class='ocrx_word' id='word_1_13' title='bbox 286 331 478 380; x_wconf 87' lang='lat' dir='ltr'>hostias</span> <span class='ocrx_word' id='word_1_14' title='bbox 514 331 612 379; x_wconf 89' lang='lat' dir='ltr'>diis</span> <span class='ocrx_word' id='word_1_15' title='bbox 648 331 958 395; x_wconf 80' lang='lat' dir='ltr'>supplicanti</span> <span class='ocrx_word' id='word_1_16' title='bbox 996 336 1225 395; x_wconf 86' lang='lat' dir='ltr'>“magna</span> <span class='ocrx_word' id='word_1_17' title='bbox 1266 337 1418 396; x_wconf 90' lang='lat' dir='ltr'>atque</span> <span class='ocrx_word' id='word_1_18' title='bbox 1456 332 1709 381; x_wconf 88' lang='lat' dir='ltr'>mirabilia</span> 
     </span>
     <span class='ocr_line' id='line_1_4' title="bbox 162 414 1710 480; baseline 0.001 -18"><span class='ocrx_word' id='word_1_19' title='bbox 162 415 401 479; x_wconf 88' lang='lat' dir='ltr'>portendi</span> <span class='ocrx_word' id='word_1_20' title='bbox 416 415 440 435; x_wconf 78' lang='lat'>³⁷</span> <span class='ocrx_word' id='word_1_21' title='bbox 466 414 721 478; x_wconf 81' lang='lat' dir='ltr'>haruspex</span> <span class='ocrx_word' id='word_1_22' title='bbox 736 414 937 462; x_wconf 75' lang='lat' dir='ltr'><strong>dixerat</strong></span> <span class='ocrx_word' id='word_1_23' title='bbox 956 433 964 462; x_wconf 93' lang='lat'>:</span> <span class='ocrx_word' id='word_1_24' title='bbox 1006 419 1035 441; x_wconf 85' lang='lat'><strong>“</strong></span> <span class='ocrx_word' id='word_1_25' title='bbox 1051 415 1263 478; x_wconf 76' lang='lat' dir='ltr'>proinde</span> <span class='ocrx_word' id='word_1_26' title='bbox 1277 432 1406 480; x_wconf 69' lang='lat' dir='ltr'>quac</span> <span class='ocrx_word' id='word_1_27' title='bbox 1423 415 1591 463; x_wconf 90' lang='lat' dir='ltr'>animo</span> <span class='ocrx_word' id='word_1_28' title='bbox 1610 417 1710 480; x_wconf 86' lang='lat' dir='ltr'>agi-</span> 
     </span>
     <span class='ocr_line' id='line_1_5' title="bbox 163 497 1710 563; baseline 0.001 -18"><span class='ocrx_word' id='word_1_29' title='bbox 163 498 322 558; x_wconf 86' lang='lat' dir='ltr'>tabat,</span> <span class='ocrx_word' id='word_1_30' title='bbox 348 497 512 546; x_wconf 79' lang='lat' dir='ltr'>fretus</span> <span class='ocrx_word' id='word_1_31' title='bbox 536 497 614 545; x_wconf 88' lang='lat' dir='ltr'>dis</span> <span class='ocrx_word' id='word_1_32' title='bbox 639 503 825 561; x_wconf 89' lang='lat' dir='ltr'>ageret,</span> <span class='ocrx_word' id='word_1_33' title='bbox 852 497 1111 545; x_wconf 82' lang='lat' dir='ltr'>fortunam</span> <span class='ocrx_word' id='word_1_34' title='bbox 1137 515 1288 562; x_wconf 88' lang='lat' dir='ltr'>quam</span> <span class='ocrx_word' id='word_1_35' title='bbox 1314 499 1603 563; x_wconf 82' lang='lat' dir='ltr'>saepissime</span> <span class='ocrx_word' id='word_1_36' title='bbox 1628 516 1710 547; x_wconf 78' lang='lat' dir='ltr'>ex-</span> 
     </span>
     <span class='ocr_line' id='line_1_6' title="bbox 136 581 1708 647; baseline 0.002 -19"><span class='ocrx_word' id='word_1_37' title='bbox 136 581 445 644; x_wconf 86' lang='lat' dir='ltr'>·periretur;</span> <span class='ocrx_word' id='word_1_38' title='bbox 481 586 665 628; x_wconf 89' lang='lat' dir='ltr'>cuncta</span> <span class='ocrx_word' id='word_1_39' title='bbox 689 598 928 645; x_wconf 88' lang='lat' dir='ltr'>prospera</span> <span class='ocrx_word' id='word_1_40' title='bbox 952 582 1242 629; x_wconf 75' lang='lat' dir='ltr'>eventura.’&#39;</span> <span class='ocrx_word' id='word_1_41' title='bbox 1313 583 1393 630; x_wconf 89' lang='lat' dir='ltr'>At</span> <span class='ocrx_word' id='word_1_42' title='bbox 1426 583 1571 630; x_wconf 87' lang='lat' dir='ltr'>illum</span> <span class='ocrx_word' id='word_1_43' title='bbox 1601 583 1708 647; x_wconf 88' lang='lat' dir='ltr'>jam</span> 
     </span>
     <span class='ocr_line' id='line_1_7' title="bbox 162 659 1745 730; baseline 0.002 -19"><span class='ocrx_word' id='word_1_44' title='bbox 162 669 316 712; x_wconf 86' lang='lat' dir='ltr'>antea</span> <span class='ocrx_word' id='word_1_45' title='bbox 347 659 640 712; x_wconf 62' lang='lat' dir='ltr'>consulatus</span> <span class='ocrx_word' id='word_1_46' title='bbox 672 664 849 728; x_wconf 86' lang='lat' dir='ltr'>ingens</span> <span class='ocrx_word' id='word_1_47' title='bbox 883 665 1066 728; x_wconf 90' lang='lat' dir='ltr'>cupido</span> <span class='ocrx_word' id='word_1_48' title='bbox 1103 666 1425 729; x_wconf 78' lang='lat' dir='ltr'>exagitabat3</span> <span class='ocrx_word' id='word_1_49' title='bbox 1463 666 1528 713; x_wconf 94' lang='lat' dir='ltr'>ad</span> <span class='ocrx_word' id='word_1_50' title='bbox 1560 683 1709 730; x_wconf 89' lang='lat' dir='ltr'>quem</span> <span class='ocrx_word' id='word_1_51' title='bbox 1741 682 1745 683; x_wconf 47' lang='lat'><em>⁷</em></span> 
     </span>
     <span class='ocr_line' id='line_1_8' title="bbox 161 746 1710 811; baseline 0.002 -17"><span class='ocrx_word' id='word_1_52' title='bbox 161 746 465 810; x_wconf 90' lang='lat' dir='ltr'>capiendum</span> <span class='ocrx_word' id='word_1_53' title='bbox 513 752 716 811; x_wconf 86' lang='lat' dir='ltr'>praeter</span> <span class='ocrx_word' id='word_1_54' title='bbox 762 753 1071 795; x_wconf 88' lang='lat' dir='ltr'>vetustatem</span> <span class='ocrx_word' id='word_1_55' title='bbox 1120 748 1344 796; x_wconf 79' lang='lat' dir='ltr'>familiae</span> <span class='ocrx_word' id='word_1_56' title='bbox 1392 750 1493 796; x_wconf 90' lang='lat' dir='ltr'>alia</span> <span class='ocrx_word' id='word_1_57' title='bbox 1540 750 1710 797; x_wconf 86' lang='lat' dir='ltr'>omnia</span> 
     </span>
     <span class='ocr_line' id='line_1_9' title="bbox 161 814 1711 895; baseline 0.003 -19"><span class='ocrx_word' id='word_1_58' title='bbox 161 829 365 877; x_wconf 84' lang='lat' dir='ltr'>abunde</span> <span class='ocrx_word' id='word_1_59' title='bbox 397 835 573 891; x_wconf 71' lang='lat' dir='ltr'>erant,</span> <span class='ocrx_word' id='word_1_60' title='bbox 611 816 879 890; x_wconf 84' lang='lat' dir='ltr'>industria,</span> <span class='ocrx_word' id='word_1_61' title='bbox 906 814 1147 894; x_wconf 81' lang='lat' dir='ltr'>probitas,</span> <span class='ocrx_word' id='word_1_62' title='bbox 1174 832 1387 879; x_wconf 85' lang='lat' dir='ltr'>militiae</span> <span class='ocrx_word' id='word_1_63' title='bbox 1413 849 1597 895; x_wconf 88' lang='lat' dir='ltr'>magna</span> <span class='ocrx_word' id='word_1_64' title='bbox 1621 834 1711 880; x_wconf 87' lang='lat' dir='ltr'>sci-</span> 
     </span>
     <span class='ocr_line' id='line_1_10' title="bbox 162 913 1710 977; baseline 0.003 -17"><span class='ocrx_word' id='word_1_65' title='bbox 162 913 332 974; x_wconf 73' lang='lat' dir='ltr'>entia,</span> <span class='ocrx_word' id='word_1_66' title='bbox 375 913 575 960; x_wconf 87' lang='lat' dir='ltr'>animus</span> <span class='ocrx_word' id='word_1_67' title='bbox 599 914 758 961; x_wconf 72' lang='lat' dir='ltr'>belh·</span> <span class='ocrx_word' id='word_1_68' title='bbox 745 931 938 977; x_wconf 82' lang='lat' dir='ltr'>ingens,</span> <span class='ocrx_word' id='word_1_69' title='bbox 965 914 1102 962; x_wconf 88' lang='lat' dir='ltr'>domi</span> <span class='ocrx_word' id='word_1_70' title='bbox 1126 915 1368 975; x_wconf 89' lang='lat' dir='ltr'>modicus,</span> <span class='ocrx_word' id='word_1_71' title='bbox 1395 916 1638 964; x_wconf 88' lang='lat' dir='ltr'>lubidinis</span> <span class='ocrx_word' id='word_1_72' title='bbox 1658 924 1710 964; x_wconf 91' lang='lat' dir='ltr'>et</span> 
     </span>
     <span class='ocr_line' id='line_1_11' title="bbox 161 996 1709 1061; baseline 0.002 -17"><span class='ocrx_word' id='word_1_73' title='bbox 161 996 460 1044; x_wconf 76' lang='lat' dir='ltr'>divitiarum</span> <span class='ocrx_word' id='word_1_74' title='bbox 486 997 663 1056; x_wconf 85' lang='lat' dir='ltr'>victor,</span> <span class='ocrx_word' id='word_1_75' title='bbox 682 997 1034 1045; x_wconf 90' lang='lat' dir='ltr'>tantummodo</span> <span class='ocrx_word' id='word_1_76' title='bbox 1058 998 1246 1061; x_wconf 89' lang='lat' dir='ltr'>gloriae</span> <span class='ocrx_word' id='word_1_77' title='bbox 1273 998 1464 1046; x_wconf 74' lang='lat' dir='ltr'>avidus.</span> <span class='ocrx_word' id='word_1_78' title='bbox 1543 999 1680 1047; x_wconf 84' lang='lat' dir='ltr'>Sed</span> <span class='ocrx_word' id='word_1_79' title='bbox 1666 1017 1709 1047; x_wconf 78' lang='lat' dir='ltr'>ls</span> 
     </span>
     <span class='ocr_line' id='line_1_12' title="bbox 164 1081 1721 1147; baseline 0.003 -20"><span class='ocrx_word' id='word_1_80' title='bbox 164 1085 317 1128; x_wconf 88' lang='lat' dir='ltr'>natus</span> <span class='ocrx_word' id='word_1_81' title='bbox 344 1085 400 1128; x_wconf 89' lang='lat' dir='ltr'>et</span> <span class='ocrx_word' id='word_1_82' title='bbox 427 1097 626 1128; x_wconf 89' lang='lat' dir='ltr'>omnem</span> <span class='ocrx_word' id='word_1_83' title='bbox 663 1081 934 1144; x_wconf 84' lang='lat' dir='ltr'>pueritiam</span> <span class='ocrx_word' id='word_1_84' title='bbox 968 1082 1159 1145; x_wconf 83' lang='lat' dir='ltr'>Arpini</span> <span class='ocrx_word' id='word_1_85' title='bbox 1195 1083 1344 1142; x_wconf 88' lang='lat' dir='ltr'>altus,</span> <span class='ocrx_word' id='word_1_86' title='bbox 1371 1083 1460 1130; x_wconf 89' lang='lat' dir='ltr'>ubi</span> <span class='ocrx_word' id='word_1_87' title='bbox 1491 1084 1721 1147; x_wconf 86' lang='lat' dir='ltr'>primum</span> 
     </span>
     <span class='ocr_line' id='line_1_13' title="bbox 164 1164 1712 1229; baseline 0.002 -18"><span class='ocrx_word' id='word_1_88' title='bbox 164 1170 305 1212; x_wconf 87' lang='lat' dir='ltr'>aetas</span> <span class='ocrx_word' id='word_1_89' title='bbox 341 1165 554 1212; x_wconf 86' lang='lat' dir='ltr'>militiae</span> <span class='ocrx_word' id='word_1_90' title='bbox 591 1165 791 1228; x_wconf 90' lang='lat' dir='ltr'>patiens</span> <span class='ocrx_word' id='word_1_91' title='bbox 838 1164 955 1224; x_wconf 80' lang='lat' dir='ltr'>fuit,</span> <span class='ocrx_word' id='word_1_92' title='bbox 994 1166 1262 1229; x_wconf 85' lang='lat' dir='ltr'>stipendiis</span> <span class='ocrx_word' id='word_1_93' title='bbox 1310 1166 1571 1227; x_wconf 75' lang='lat' dir='ltr'>faciendis,</span> <span class='ocrx_word' id='word_1_94' title='bbox 1609 1184 1712 1216; x_wconf 91' lang='lat' dir='ltr'>non</span> 
     </span>
     <span class='ocr_line' id='line_1_14' title="bbox 163 1247 1710 1311; baseline 0.002 -16"><span class='ocrx_word' id='word_1_95' title='bbox 163 1248 359 1296; x_wconf 85' lang='lat' dir='ltr'>Graeca</span> <span class='ocrx_word' id='word_1_96' title='bbox 373 1247 613 1294; x_wconf 75' lang='lat' dir='ltr'>facundia</span> <span class='ocrx_word' id='word_1_97' title='bbox 631 1264 794 1311; x_wconf 88' lang='lat' dir='ltr'>neque</span> <span class='ocrx_word' id='word_1_98' title='bbox 814 1249 1021 1296; x_wconf 89' lang='lat' dir='ltr'>urbanis</span> <span class='ocrx_word' id='word_1_99' title='bbox 1040 1249 1307 1296; x_wconf 76' lang='lat' dir='ltr'>munditiis</span> <span class='ocrx_word' id='word_1_100' title='bbox 1328 1267 1433 1297; x_wconf 88' lang='lat' dir='ltr'>sese</span> <span class='ocrx_word' id='word_1_101' title='bbox 1453 1251 1710 1298; x_wconf 80' lang='lat' dir='ltr'>exercuit:</span> 
     </span>
     <span class='ocr_line' id='line_1_15' title="bbox 164 1330 1706 1397; baseline 0.003 -20"><span class='ocrx_word' id='word_1_102' title='bbox 164 1330 397 1397; x_wconf 50' lang='grc' dir='ltr'>11ξᾳ-111ω1·</span> <span class='ocrx_word' id='word_1_103' title='bbox 420 1336 555 1378; x_wconf 87' lang='lat' dir='ltr'>artes</span> <span class='ocrx_word' id='word_1_104' title='bbox 579 1331 736 1378; x_wconf 80' lang='lat' dir='ltr'>bonas</span> <span class='ocrx_word' id='word_1_105' title='bbox 761 1330 1017 1394; x_wconf 86' lang='lat' dir='ltr'>integrum</span> <span class='ocrx_word' id='word_1_106' title='bbox 1033 1332 1292 1395; x_wconf 81' lang='lat' dir='ltr'>ingenium</span> <span class='ocrx_word' id='word_1_107' title='bbox 1309 1334 1453 1381; x_wconf 89' lang='lat' dir='ltr'>brevi</span> <span class='ocrx_word' id='word_1_108' title='bbox 1473 1333 1706 1382; x_wconf 82' lang='lat' dir='ltr'>adolevit.</span> 
     </span>
     <span class='ocr_line' id='line_1_16' title="bbox 164 1397 1710 1481; baseline 0.002 -19"><span class='ocrx_word' id='word_1_109' title='bbox 164 1397 301 1478; x_wconf 84' lang='lat' dir='ltr'>Ergo</span> <span class='ocrx_word' id='word_1_110' title='bbox 326 1414 415 1462; x_wconf 91' lang='lat' dir='ltr'>ubi</span> <span class='ocrx_word' id='word_1_111' title='bbox 438 1415 659 1478; x_wconf 90' lang='lat' dir='ltr'>primum</span> <span class='ocrx_word' id='word_1_112' title='bbox 679 1415 998 1462; x_wconf 88' lang='lat' dir='ltr'>tribunatum</span> <span class='ocrx_word' id='word_1_113' title='bbox 1018 1416 1291 1464; x_wconf 88' lang='lat' dir='ltr'>militarem</span> <span class='ocrx_word' id='word_1_114' title='bbox 1312 1434 1341 1464; x_wconf 91' lang='lat' dir='ltr'>a</span> <span class='ocrx_word' id='word_1_115' title='bbox 1360 1417 1546 1481; x_wconf 91' lang='lat' dir='ltr'>populo</span> <span class='ocrx_word' id='word_1_116' title='bbox 1565 1418 1710 1481; x_wconf 88' lang='lat' dir='ltr'>petit,</span> 
     </span>
     <span class='ocr_line' id='line_1_17' title="bbox 163 1498 1713 1566; baseline 0.003 -21"><span class='ocrx_word' id='word_1_117' title='bbox 163 1498 417 1562; x_wconf 89' lang='lat' dir='ltr'>plerisque</span> <span class='ocrx_word' id='word_1_118' title='bbox 465 1498 646 1546; x_wconf 80' lang='lat' dir='ltr'>faciem</span> <span class='ocrx_word' id='word_1_119' title='bbox 689 1499 798 1562; x_wconf 75' lang='lat' dir='ltr'>ejus</span> <span class='ocrx_word' id='word_1_120' title='bbox 836 1499 1204 1562; x_wconf 83' lang='lat' dir='ltr'>ignorantibus,</span> <span class='ocrx_word' id='word_1_121' title='bbox 1243 1500 1392 1549; x_wconf 79' lang='lat' dir='ltr'>facile</span> <span class='ocrx_word' id='word_1_122' title='bbox 1433 1507 1585 1549; x_wconf 91' lang='lat' dir='ltr'>notus</span> <span class='ocrx_word' id='word_1_123' title='bbox 1624 1519 1713 1566; x_wconf 89' lang='lat' dir='ltr'>per</span> 
     </span>
     <span class='ocr_line' id='line_1_18' title="bbox 162 1581 1713 1648; baseline 0.003 -20"><span class='ocrx_word' id='word_1_124' title='bbox 162 1598 338 1629; x_wconf 87' lang='lat' dir='ltr'>omnes</span> <span class='ocrx_word' id='word_1_125' title='bbox 380 1582 546 1628; x_wconf 86' lang='lat' dir='ltr'>tribus</span> <span class='ocrx_word' id='word_1_126' title='bbox 587 1581 886 1630; x_wconf 87' lang='lat' dir='ltr'>declaratur.</span> <span class='ocrx_word' id='word_1_127' title='bbox 964 1583 1164 1631; x_wconf 85' lang='lat' dir='ltr'>Deinde</span> <span class='ocrx_word' id='word_1_128' title='bbox 1204 1585 1267 1632; x_wconf 90' lang='lat' dir='ltr'>ab</span> <span class='ocrx_word' id='word_1_129' title='bbox 1310 1601 1368 1632; x_wconf 95' lang='lat' dir='ltr'>eo</span> <span class='ocrx_word' id='word_1_130' title='bbox 1410 1585 1713 1648; x_wconf 85' lang='lat' dir='ltr'>magistratu</span> 
     </span>
     <span class='ocr_line' id='line_1_19' title="bbox 165 1664 1713 1732; baseline 0.003 -21"><span class='ocrx_word' id='word_1_131' title='bbox 165 1664 322 1712; x_wconf 91' lang='lat' dir='ltr'>alium</span> <span class='ocrx_word' id='word_1_132' title='bbox 347 1670 463 1728; x_wconf 89' lang='lat' dir='ltr'>post</span> <span class='ocrx_word' id='word_1_133' title='bbox 487 1665 643 1711; x_wconf 89' lang='lat' dir='ltr'>alium</span> <span class='ocrx_word' id='word_1_134' title='bbox 670 1665 766 1712; x_wconf 88' lang='lat' dir='ltr'>sibi</span> <span class='ocrx_word' id='word_1_135' title='bbox 791 1667 1017 1729; x_wconf 81' lang='lat' dir='ltr'>peperit3</span> <span class='ocrx_word' id='word_1_136' title='bbox 1055 1684 1349 1731; x_wconf 84' lang='lat' dir='ltr'>semperque</span> <span class='ocrx_word' id='word_1_137' title='bbox 1373 1668 1429 1715; x_wconf 91' lang='lat' dir='ltr'>in</span> <span class='ocrx_word' id='word_1_138' title='bbox 1454 1669 1713 1732; x_wconf 86' lang='lat' dir='ltr'>potestati-</span> 
     </span>
     <span class='ocr_line' id='line_1_20' title="bbox 164 1748 1713 1815; baseline 0.002 -19"><span class='ocrx_word' id='word_1_139' title='bbox 164 1749 259 1796; x_wconf 85' lang='lat' dir='ltr'>bus</span> <span class='ocrx_word' id='word_1_140' title='bbox 307 1765 366 1796; x_wconf 91' lang='lat' dir='ltr'>eo</span> <span class='ocrx_word' id='word_1_141' title='bbox 414 1748 562 1795; x_wconf 88' lang='lat' dir='ltr'>modo</span> <span class='ocrx_word' id='word_1_142' title='bbox 601 1749 843 1812; x_wconf 83' lang='lat' dir='ltr'>agitabat,</span> <span class='ocrx_word' id='word_1_143' title='bbox 890 1751 967 1797; x_wconf 91' lang='lat' dir='ltr'>uti</span> <span class='ocrx_word' id='word_1_144' title='bbox 1010 1751 1267 1813; x_wconf 87' lang='lat' dir='ltr'>ampliore,</span> <span class='ocrx_word' id='word_1_145' title='bbox 1312 1768 1463 1814; x_wconf 91' lang='lat' dir='ltr'>quam</span> <span class='ocrx_word' id='word_1_146' title='bbox 1505 1752 1713 1815; x_wconf 87' lang='lat' dir='ltr'>gerebat</span> 
     </span>
     <span class='ocr_line' id='line_1_21' title="bbox 163 1831 1752 1895; baseline 0.003 -17"><span class='ocrx_word' id='word_1_147' title='bbox 163 1831 348 1895; x_wconf 90' lang='lat' dir='ltr'>dignus</span> <span class='ocrx_word' id='word_1_148' title='bbox 380 1831 663 1879; x_wconf 85' lang='lat' dir='ltr'>haberetur.</span> <span class='ocrx_word' id='word_1_149' title='bbox 741 1832 931 1880; x_wconf 81' lang='lat' dir='ltr'>Tamen</span> <span class='ocrx_word' id='word_1_150' title='bbox 965 1833 1007 1880; x_wconf 85' lang='lat' dir='ltr'>is</span> <span class='ocrx_word' id='word_1_151' title='bbox 1037 1833 1101 1880; x_wconf 88' lang='lat' dir='ltr'>ad</span> <span class='ocrx_word' id='word_1_152' title='bbox 1134 1834 1186 1881; x_wconf 91' lang='lat' dir='ltr'>id</span> <span class='ocrx_word' id='word_1_153' title='bbox 1223 1834 1446 1882; x_wconf 89' lang='lat' dir='ltr'>locorum</span> <span class='ocrx_word' id='word_1_154' title='bbox 1483 1835 1600 1882; x_wconf 89' lang='lat' dir='ltr'>talis</span> <span class='ocrx_word' id='word_1_155' title='bbox 1633 1836 1712 1882; x_wconf 75' lang='lat' dir='ltr'>vir</span> <span class='ocrx_word' id='word_1_156' title='bbox 1749 1844 1752 1845; x_wconf 72' lang='grc'>’</span> 
     </span>
     <span class='ocr_line' id='line_1_22' title="bbox 160 1903 1714 1982; baseline 0.003 -20"><span class='ocrx_word' id='word_1_157' title='bbox 160 1914 306 1980; x_wconf 89' lang='lat' dir='ltr'>(nam</span> <span class='ocrx_word' id='word_1_158' title='bbox 331 1921 508 1979; x_wconf 90' lang='lat' dir='ltr'>postea</span> <span class='ocrx_word' id='word_1_159' title='bbox 531 1916 807 1963; x_wconf 87' lang='lat' dir='ltr'>ambitione</span> <span class='ocrx_word' id='word_1_160' title='bbox 833 1933 1071 1980; x_wconf 86' lang='lat' dir='ltr'>praeceps</span> <span class='ocrx_word' id='word_1_161' title='bbox 1096 1917 1247 1965; x_wconf 88' lang='lat' dir='ltr'>datus</span> <span class='ocrx_word' id='word_1_162' title='bbox 1273 1903 1388 1982; x_wconf 60' lang='lat' dir='ltr'>est),</span> <span class='ocrx_word' id='word_1_163' title='bbox 1415 1923 1586 1981; x_wconf 81' lang='lat' dir='ltr'>petere</span> <span class='ocrx_word' id='word_1_164' title='bbox 1611 1935 1714 1966; x_wconf 90' lang='lat' dir='ltr'>non</span> 
     </span>
     <span class='ocr_line' id='line_1_23' title="bbox 165 1998 1715 2065; baseline 0.002 -19"><span class='ocrx_word' id='word_1_165' title='bbox 165 1998 414 2046; x_wconf 85' lang='lat' dir='ltr'>audebat:</span> <span class='ocrx_word' id='word_1_166' title='bbox 453 1999 607 2046; x_wconf 89' lang='lat' dir='ltr'>etiam</span> <span class='ocrx_word' id='word_1_167' title='bbox 645 2004 755 2046; x_wconf 92' lang='lat' dir='ltr'>tum</span> <span class='ocrx_word' id='word_1_168' title='bbox 793 2000 918 2047; x_wconf 88' lang='lat' dir='ltr'>alios</span> <span class='ocrx_word' id='word_1_169' title='bbox 955 2001 1287 2063; x_wconf 79' lang='lat' dir='ltr'>magistratus</span> <span class='ocrx_word' id='word_1_170' title='bbox 1324 2002 1510 2065; x_wconf 86' lang='lat' dir='ltr'>plebes,</span> <span class='ocrx_word' id='word_1_171' title='bbox 1542 2018 1715 2049; x_wconf 89' lang='lat' dir='ltr'>consu-</span> 
     </span>
     <span class='ocr_line' id='line_1_24' title="bbox 166 2082 1713 2146; baseline 0.003 -18"><span class='ocrx_word' id='word_1_172' title='bbox 166 2082 326 2128; x_wconf 86' lang='lat' dir='ltr'>latum</span> <span class='ocrx_word' id='word_1_173' title='bbox 363 2082 603 2129; x_wconf 83' lang='lat' dir='ltr'>nobilitas</span> <span class='ocrx_word' id='word_1_174' title='bbox 639 2082 775 2130; x_wconf 69' lang='lat' dir='ltr'>inter</span> <span class='ocrx_word' id='word_1_175' title='bbox 811 2099 862 2130; x_wconf 90' lang='lat' dir='ltr'>se</span> <span class='ocrx_word' id='word_1_176' title='bbox 898 2100 989 2146; x_wconf 90' lang='lat' dir='ltr'>per</span> <span class='ocrx_word' id='word_1_177' title='bbox 1024 2101 1204 2131; x_wconf 88' lang='lat' dir='ltr'>manus</span> <span class='ocrx_word' id='word_1_178' title='bbox 1241 2085 1505 2133; x_wconf 86' lang='lat' dir='ltr'>tradebat:</span> <span class='ocrx_word' id='word_1_179' title='bbox 1550 2102 1713 2132; x_wconf 86' lang='lat' dir='ltr'>novus</span> 
     </span>
     <span class='ocr_line' id='line_1_25' title="bbox 167 2166 1715 2232; baseline 0.003 -21"><span class='ocrx_word' id='word_1_180' title='bbox 167 2181 315 2223; x_wconf 86' lang='lat' dir='ltr'>nemo</span> <span class='ocrx_word' id='word_1_181' title='bbox 337 2170 444 2212; x_wconf 89' lang='lat' dir='ltr'>tam</span> <span class='ocrx_word' id='word_1_182' title='bbox 471 2166 636 2213; x_wconf 88' lang='lat' dir='ltr'>clarus</span> <span class='ocrx_word' id='word_1_183' title='bbox 655 2183 817 2230; x_wconf 90' lang='lat' dir='ltr'>neque</span> <span class='ocrx_word' id='word_1_184' title='bbox 843 2173 948 2214; x_wconf 87' lang='lat' dir='ltr'>tam</span> <span class='ocrx_word' id='word_1_185' title='bbox 971 2169 1185 2231; x_wconf 84' lang='lat' dir='ltr'>egregiis</span> <span class='ocrx_word' id='word_1_186' title='bbox 1209 2167 1360 2216; x_wconf 84' lang='lat' dir='ltr'>factis</span> <span class='ocrx_word' id='word_1_187' title='bbox 1385 2174 1509 2228; x_wconf 88' lang='lat' dir='ltr'>erat,</span> <span class='ocrx_word' id='word_1_188' title='bbox 1531 2169 1655 2232; x_wconf 91' lang='lat' dir='ltr'>quin</span> <span class='ocrx_word' id='word_1_189' title='bbox 1674 2169 1715 2215; x_wconf 88' lang='lat' dir='ltr'>is</span> 
     </span>
     <span class='ocr_line' id='line_1_26' title="bbox 167 2247 1574 2314; baseline 0.004 -20"><span class='ocrx_word' id='word_1_190' title='bbox 167 2247 406 2310; x_wconf 88' lang='lat' dir='ltr'>indignus</span> <span class='ocrx_word' id='word_1_191' title='bbox 430 2249 518 2296; x_wconf 92' lang='lat' dir='ltr'>illo</span> <span class='ocrx_word' id='word_1_192' title='bbox 542 2248 746 2308; x_wconf 89' lang='lat' dir='ltr'>honore,</span> <span class='ocrx_word' id='word_1_193' title='bbox 774 2255 826 2296; x_wconf 93' lang='lat' dir='ltr'>et</span> <span class='ocrx_word' id='word_1_194' title='bbox 851 2251 995 2313; x_wconf 88' lang='lat' dir='ltr'>quasi</span> <span class='ocrx_word' id='word_1_195' title='bbox 1019 2251 1262 2314; x_wconf 86' lang='lat' dir='ltr'>pollutus,</span> <span class='ocrx_word' id='word_1_196' title='bbox 1289 2251 1574 2299; x_wconf 89' lang='lat' dir='ltr'>haberetur.</span> 
     </span>
    </p>

    <p class='ocr_par' dir='ltr' id='par_1_3' title="bbox 167 2322 1718 2896">
     <span class='ocr_line' id='line_1_27' title="bbox 272 2322 1715 2398; baseline 0.004 -22"><span class='ocrx_word' id='word_1_197' title='bbox 272 2329 470 2378; x_wconf 91' lang='lat' dir='ltr'>LXIV.</span> <span class='ocrx_word' id='word_1_198' title='bbox 549 2331 718 2395; x_wconf 88' lang='lat' dir='ltr'>Igitur</span> <span class='ocrx_word' id='word_1_199' title='bbox 743 2333 831 2379; x_wconf 88' lang='lat' dir='ltr'>ubi</span> <span class='ocrx_word' id='word_1_200' title='bbox 848 2332 1046 2380; x_wconf 80' lang='lat' dir='ltr'>Marius</span> <span class='ocrx_word' id='word_1_201' title='bbox 1073 2322 1355 2398; x_wconf 86' lang='lat' dir='ltr'>haruspicis</span> <span class='ocrx_word' id='word_1_202' title='bbox 1380 2334 1518 2382; x_wconf 87' lang='lat' dir='ltr'>dicta</span> <span class='ocrx_word' id='word_1_203' title='bbox 1542 2334 1715 2382; x_wconf 86' lang='lat' dir='ltr'>eodem</span> 
     </span>
     <span class='ocr_line' id='line_1_28' title="bbox 167 2412 1716 2479; baseline 0.004 -20"><span class='ocrx_word' id='word_1_204' title='bbox 167 2412 432 2460; x_wconf 89' lang='lat' dir='ltr'>intendere</span> <span class='ocrx_word' id='word_1_205' title='bbox 457 2413 612 2474; x_wconf 89' lang='lat' dir='ltr'>videt,</span> <span class='ocrx_word' id='word_1_206' title='bbox 639 2431 738 2478; x_wconf 91' lang='lat' dir='ltr'>quo</span> <span class='ocrx_word' id='word_1_207' title='bbox 764 2416 947 2479; x_wconf 87' lang='lat' dir='ltr'>cupido</span> <span class='ocrx_word' id='word_1_208' title='bbox 980 2417 1137 2464; x_wconf 85' lang='lat' dir='ltr'>animi</span> <span class='ocrx_word' id='word_1_209' title='bbox 1173 2417 1488 2477; x_wconf 85' lang='lat' dir='ltr'>hortabatur,</span> <span class='ocrx_word' id='word_1_210' title='bbox 1516 2418 1579 2465; x_wconf 89' lang='lat' dir='ltr'>ab</span> <span class='ocrx_word' id='word_1_211' title='bbox 1610 2416 1716 2465; x_wconf 87' lang='lat' dir='ltr'>Me-</span> 
     </span>
     <span class='ocr_line' id='line_1_29' title="bbox 169 2496 1715 2564; baseline 0.005 -23"><span class='ocrx_word' id='word_1_212' title='bbox 169 2496 290 2543; x_wconf 90' lang='lat' dir='ltr'>tello</span> <span class='ocrx_word' id='word_1_213' title='bbox 326 2496 533 2558; x_wconf 87' lang='lat' dir='ltr'>petendi</span> <span class='ocrx_word' id='word_1_214' title='bbox 561 2498 726 2560; x_wconf 89' lang='lat' dir='ltr'>gratia</span> <span class='ocrx_word' id='word_1_215' title='bbox 758 2499 1047 2547; x_wconf 88' lang='lat' dir='ltr'>missionem</span> <span class='ocrx_word' id='word_1_216' title='bbox 1085 2505 1257 2563; x_wconf 87' lang='lat' dir='ltr'>rogat:</span> <span class='ocrx_word' id='word_1_217' title='bbox 1297 2501 1379 2547; x_wconf 86' lang='lat' dir='ltr'>cui</span> <span class='ocrx_word' id='word_1_218' title='bbox 1411 2517 1715 2564; x_wconf 90' lang='lat' dir='ltr'>quamquam</span> 
     </span>
     <span class='ocr_line' id='line_1_30' title="bbox 170 2578 1715 2647; baseline 0.004 -22"><span class='ocrx_word' id='word_1_219' title='bbox 170 2579 349 2637; x_wconf 88' lang='lat' dir='ltr'>virtus,</span> <span class='ocrx_word' id='word_1_220' title='bbox 387 2578 562 2641; x_wconf 88' lang='lat' dir='ltr'>gloria,</span> <span class='ocrx_word' id='word_1_221' title='bbox 600 2586 753 2644; x_wconf 88' lang='lat' dir='ltr'>atque</span> <span class='ocrx_word' id='word_1_222' title='bbox 790 2582 891 2629; x_wconf 88' lang='lat' dir='ltr'>alia</span> <span class='ocrx_word' id='word_1_223' title='bbox 933 2583 1158 2645; x_wconf 88' lang='lat' dir='ltr'>optanda</span> <span class='ocrx_word' id='word_1_224' title='bbox 1190 2583 1352 2647; x_wconf 78' lang='lat' dir='ltr'>boniS,</span> <span class='ocrx_word' id='word_1_225' title='bbox 1392 2585 1715 2646; x_wconf 87' lang='lat' dir='ltr'>superabant,</span> 
     </span>
     <span class='ocr_line' id='line_1_31' title="bbox 172 2662 1718 2729; baseline 0.003 -20"><span class='ocrx_word' id='word_1_226' title='bbox 172 2668 343 2710; x_wconf 85' lang='lat' dir='ltr'>tamen</span> <span class='ocrx_word' id='word_1_227' title='bbox 367 2662 535 2709; x_wconf 87' lang='lat' dir='ltr'>inerat</span> <span class='ocrx_word' id='word_1_228' title='bbox 558 2669 842 2712; x_wconf 86' lang='lat' dir='ltr'>contemtor</span> <span class='ocrx_word' id='word_1_229' title='bbox 873 2666 1074 2712; x_wconf 88' lang='lat' dir='ltr'>animus</span> <span class='ocrx_word' id='word_1_230' title='bbox 1100 2670 1152 2712; x_wconf 89' lang='lat' dir='ltr'>et</span> <span class='ocrx_word' id='word_1_231' title='bbox 1176 2666 1426 2729; x_wconf 86' lang='lat' dir='ltr'>superbia,</span> <span class='ocrx_word' id='word_1_232' title='bbox 1455 2683 1718 2714; x_wconf 89' lang='lat' dir='ltr'>commune</span> 
     </span>
     <span class='ocr_line' id='line_1_32' title="bbox 169 2746 1718 2812; baseline 0.002 -18"><span class='ocrx_word' id='word_1_233' title='bbox 169 2746 453 2794; x_wconf 87' lang='lat' dir='ltr'>nobilitatis</span> <span class='ocrx_word' id='word_1_234' title='bbox 478 2746 679 2794; x_wconf 89' lang='lat' dir='ltr'>malum.</span> <span class='ocrx_word' id='word_1_235' title='bbox 757 2748 941 2812; x_wconf 89' lang='lat' dir='ltr'>Itaque</span> <span class='ocrx_word' id='word_1_236' title='bbox 960 2749 1181 2812; x_wconf 87' lang='lat' dir='ltr'>primum</span> <span class='ocrx_word' id='word_1_237' title='bbox 1208 2756 1488 2797; x_wconf 86' lang='lat' dir='ltr'>commotus</span> <span class='ocrx_word' id='word_1_238' title='bbox 1512 2749 1718 2797; x_wconf 87' lang='lat' dir='ltr'>insolita</span> 
     </span>
     <span class='ocr_line' id='line_1_33' title="bbox 170 2829 1718 2896; baseline 0 -18"><span class='ocrx_word' id='word_1_239' title='bbox 170 2845 225 2878; x_wconf 85' lang='lat' dir='ltr'>re</span> <span class='ocrx_word' id='word_1_240' title='bbox 260 2829 437 2877; x_wconf 90' lang='lat' dir='ltr'>mirari</span> <span class='ocrx_word' id='word_1_241' title='bbox 469 2829 578 2892; x_wconf 89' lang='lat' dir='ltr'>ejus</span> <span class='ocrx_word' id='word_1_242' title='bbox 611 2830 892 2891; x_wconf 84' lang='lat' dir='ltr'>consilium,</span> <span class='ocrx_word' id='word_1_243' title='bbox 924 2836 977 2879; x_wconf 89' lang='lat' dir='ltr'>et</span> <span class='ocrx_word' id='word_1_244' title='bbox 1013 2832 1155 2895; x_wconf 87' lang='lat' dir='ltr'>quasi</span> <span class='ocrx_word' id='word_1_245' title='bbox 1188 2848 1278 2896; x_wconf 84' lang='lat' dir='ltr'>per</span> <span class='ocrx_word' id='word_1_246' title='bbox 1310 2832 1584 2880; x_wconf 85' lang='lat' dir='ltr'>amicitiam</span> <span class='ocrx_word' id='word_1_247' title='bbox 1618 2847 1718 2879; x_wconf 88' lang='lat' dir='ltr'>mo·</span> 
     </span>
    </p>
   </div>
   <div class='ocr_carea' id='block_1_3' title="bbox 583 812 782 823">
    <p class='ocr_par' dir='ltr' id='par_1_4' title="bbox 583 812 782 823">
     <span class='ocr_line' id='line_1_34' title="bbox 583 812 782 823; baseline 0 2310"><span class='ocrx_word' id='word_1_248' title='bbox 583 812 782 823; x_wconf 95' lang='lat' dir='ltr'> </span> 
     </span>
    </p>
   </div>
  </div>
 </body>
</html>
