1875 3117
208 101 268 150 18
548 92 942 145 SALLUSTJJ
985 86 1390 140 JUGURTIIA.

203 212 294 260 tim
321 210 373 259 in
401 206 634 271 tuguriis,
662 205 786 253 alios
811 201 1054 251 incultius
1078 216 1232 262 vagos
1263 199 1488 263 agitat-03
1522 202 1638 263 pout
1659 212 1745 246 eoa

205 293 488 356 Aethiopas
512 306 618 337 esse
638 308 648 349 ;
686 288 803 335 ‹lc-in
829 287 938 333 loca
962 292 1143 333 exusta
1168 284 1286 332 solis
1305 281 1581 331 ardoribus.
1645 280 1745 347 Igi-

203 385 290 425 tur
329 375 460 422 bcllo
496 371 812 433 ,Iugurthino
849 368 1086 433 pleraque
1123 384 1185 415 ex
1224 366 1432 415 Punicis
1473 363 1660 430 oppida
1692 372 1746 416 et

204 460 327 507 fines
354 454 865 515 Carthaginiensium,
894 468 1018 515 quos
1043 440 1314 498 novissime
1338 449 1638 509 habuerant,
1662 464 1746 514 po-

204 540 353 605 pulus
379 539 641 586 Romanus
667 552 755 599 per
780 534 1107 593 magistratus
1124 532 1538 591 administrabat;
1561 531 1746 581 Gaetu-

205 626 363 674 lorum
406 639 589 682 magna
626 638 742 685 pars
776 625 828 666 ct
865 618 1112 666 Numidia
1149 634 1306 682 usque
1331 616 1394 666 ad
1420 616 1607 665 flumen
1633 615 1746 665 Mu·

205 709 402 758 lucham
452 708 546 754 sul)
593 704 854 765 Jugurtha
900 709 1077 762 erant;
1131 702 1329 751 Mauris
1376 702 1610 750 omnibus
1655 717 1745 750 rex

209 790 434 838 Bocchus
472 789 811 853 imperitabat,
850 794 1051 851 praetor
1097 802 1280 835 nomen
1328 793 1495 835 cetera
1541 786 1747 851 ignarus

205 873 376 938 populi
429 873 647 921 Romani
670 891 679 925 ;
731 872 952 935 itemquo
1005 871 1149 918 nobis
1197 887 1359 935 neque
1406 870 1539 919 bello
1583 887 1746 937 neque

205 972 324 1020 pace
361 962 511 1003 antea
549 956 791 1015 comiitus.
871 954 948 1001 De
986 953 1168 1002 Africa
1203 959 1255 1002 et
1301 953 1411 1017 ejus
1457 953 1636 1003 incolis
1681 952 1745 1003 ad

206 1038 625 1088 necessitudinem
664 1039 735 1086 rvi
774 1038 896 1085 satis
932 1036 1137 1084 dictum.

309 1125 430 1173 XX.
509 1124 801 1187 Postquam,
826 1121 991 1168 diviso
1017 1137 1185 1181 regno,
1206 1120 1358 1181 legati
1381 1119 1561 1168 Africa
1583 1118 1746 1168 deceo-

205 1225 327 1268 sere,
354 1215 402 1255 et
430 1206 689 1269 Jugurtha
715 1212 891 1253 contra
926 1205 1158 1252 timorem
1196 1204 1353 1252 animi
1389 1203 1614 1268 praemia
1648 1218 1748 1252 sce-

207 1293 323 1342 leris
348 1292 587 1356 adeptum
615 1307 720 1338 sese
747 1282 901 1348 videt,
929 1294 1121 1336 certum
1148 1294 1305 1347 ratus,
1326 1287 1459 1352 quod
1484 1303 1548 1335 ex
1572 1287 1749 1336 amicis

206 1375 340 1441 apud
362 1375 695 1423 Numantiam
717 1377 992 1436 acceperat,
1010 1372 1179 1419 omnia
1199 1371 1392 1419 Romae
1407 1370 1608 1419 venalia
1624 1386 1747 1430 esse,

206 1459 355 1507 simul
381 1465 432 1506 ct
460 1458 659 1505 illorum
686 1455 1140 1521 pollicitationibus
1164 1470 1417 1512 accensus,
1434 1470 1560 1518 quos
1577 1453 1749 1518 paullo

207 1548 325 1590 ante
352 1541 645 1589 muneribus
670 1539 978 1603 expleverat,
1006 1539 1057 1585 in
1084 1554 1293 1599 regnum
1314 1536 1623 1585 Adherbalis
1645 1536 1749 1585 ani·

208 1641 344 1672 mum
383 1623 616 1671 intendit.
718 1622 835 1686 Ipsc
883 1637 1012 1680 acer,
1050 1621 1318 1668 bellicosus
1334 1638 1347 1681 ;
1401 1625 1456 1667 at
1503 1618 1562 1678 is,
1598 1634 1747 1684 quem

207 1708 426 1772 petebat,
453 1707 671 1771 quietus,
699 1705 931 1762 imbellis,
958 1702 1156 1768 placido
1182 1702 1399 1766 ingeniO,
1432 1706 1750 1766 opportunus

208 1792 437 1855 injuriae,
463 1795 694 1837 metuens
719 1790 878 1853 magis
902 1805 1052 1853 quam
1083 1786 1397 1836 metuendus.
1475 1785 1646 1850 Igitur
1683 1802 1748 1835 ex

208 1874 478 1938 improviso
503 1874 628 1921 fines
652 1873 761 1936 ejus
785 1889 898 1920 cum
925 1888 1108 1935 magna
1142 1886 1297 1918 manu
1322 1867 1536 1928 invadit,
1561 1868 1749 1917 multoe

208 1956 445 2005 mortales
481 1972 594 2003 cum
631 1972 809 2020 pecore
834 1961 986 2019 atque
1011 1954 1112 2001 alia
1135 1951 1322 2017 praeda
1343 1950 1496 2015 capit,
1520 1950 1750 2000 aedificia

209 2040 434 2089 incendit
458 2040 695 2104 pleraque
722 2040 830 2087 loca
853 2039 1107 2086 hostiliter
1129 2054 1243 2085 cum
1268 2036 1500 2101 equitatu
1524 2036 1749 2098 acoedit;

208 2124 326 2172 dein
351 2141 464 2172 cum
490 2123 629 2171 omni
653 2123 983 2171 multitudine
1007 2123 1061 2170 in
1084 2137 1295 2186 regnum
1314 2137 1461 2169 suum
1481 2121 1748 2183 convertit,

208 2207 504 2256 existimans
529 2206 699 2254 dolore
723 2212 1008 2271 permotum
1028 2204 1372 2253 Adherbalem
1397 2204 1610 2269 injurias
1633 2220 1751 2254 suas

209 2308 363 2340 manu
387 2291 780 2350 vindicaturum,
818 2307 1028 2354 eamque
1064 2306 1169 2338 rem
1205 2289 1326 2337 belli
1361 2305 1589 2338 caussam
1623 2288 1745 2339 fore.

209 2378 286 2425 At
321 2378 421 2437 ille,
465 2376 600 2442 quod
635 2393 798 2441 neque
834 2392 886 2424 se
922 2391 1093 2440 parem
1130 2374 1284 2422 armis
1319 2374 1661 2434 existimabat,
1696 2379 1750 2422 et

209 2462 432 2509 amicitia
467 2461 642 2526 populi
669 2459 891 2508 Romani
925 2458 1086 2522 magis
1121 2474 1273 2522 quam
1310 2456 1553 2506 Numidis
1586 2455 1750 2505 fretus

210 2549 333 2604 erat,
360 2544 550 2608 legatos
574 2544 637 2592 ad
662 2544 698 2593 J
703 2543 973 2608 ugurtham
998 2543 1061 2590 de
1085 2541 1286 2605 injuriis
1310 2546 1545 2606 questum
1578 2539 1721 2588 misit
1733 2557 1749 2601 3

210 2625 298 2689 qui
320 2626 523 2673 tametsi
547 2625 910 2673 contumeliosa
931 2624 1068 2672 dicta
1089 2603 1556 2687 retulerant,ffius
1576 2625 1749 2669 tamen

210 2708 379 2756 omnia
413 2709 522 2772 pati
558 2709 798 2768 decrevit,
825 2725 976 2773 quam
1011 2707 1201 2755 bellum
1226 2722 1423 2755 sumere
1438 2723 1453 2768 5
1488 2703 1611 2770 quia
1640 2707 1749 2752 ten·

209 2796 375 2839 tatum
400 2797 551 2840 antea
585 2808 728 2840 secus
764 2797 992 2840 cesserat.
1069 2790 1251 2855 Neque
1288 2795 1462 2839 tamen
1494 2803 1555 2837 eo
1588 2786 1750 2851 magis
