1875 3133
499 121 892 172 SALLUSTIJ
933 120 1345 172 JUGURTHA.
1638 126 1696 174 11

151 252 257 300 ego,
278 235 460 284 Patres
475 237 764 301 conscripti,
783 237 1024 301 quoniam
1044 253 1102 284 eo
1121 236 1440 284 miseriarum
1457 242 1704 287 venturus

150 337 305 382 eram,
330 321 513 370 vellem
544 322 716 386 potius
750 322 814 370 ob
847 338 960 369 mea
994 338 1146 386 quam
1184 322 1248 370 ob
1283 322 1532 385 majorum
1558 324 1704 372 bene-

149 403 266 451 ficia
298 420 445 468 posse
481 421 511 452 a
533 404 679 453 vobis
708 405 960 452 auxilium
986 410 1173 469 petere,
1201 422 1259 454 ac
1285 407 1507 468 maxime
1532 406 1704 456 deberi

148 486 276 533 mihi
300 503 331 534 a
344 487 532 551 populo
550 487 799 549 Romano,
818 489 1003 553 quibus
1021 506 1125 536 non
1145 506 1340 554 egerem
1360 508 1373 552 3
1410 491 1703 552 secundum,

149 587 209 619 ea
243 570 287 619 51
313 570 649 621 desideranda
673 578 835 634 erant,
863 574 942 621 uti
975 574 1161 622 debitis
1194 579 1378 623 uterer.
1456 575 1555 623 Sed
1588 593 1706 640 quo-

148 657 286 705 niam
315 674 498 722 parum
533 662 651 706 tuta
685 675 776 723 per
809 676 861 707 se
885 659 996 723 ipsa
1019 660 1246 723 probitas
1272 664 1364 720 051,
1391 676 1554 725 neque
1578 660 1706 708 mihi

147 742 203 789 in
238 758 396 789 manu
431 741 555 808 fuit,
586 741 624 790 J
627 742 850 806 1181111113,
886 743 1050 807 qualis
1086 743 1234 804 foret,
1273 743 1337 792 ad
1365 761 1456 792 vos
1482 744 1703 809 confugi.

148 825 329 875 Patres
354 802 643 891 conscripti,
671 827 872 892 quibus,
900 828 1035 892 quod
1059 828 1397 876 miserrimum
1437 833 1528 890 est,
1556 846 1705 893 cogor

145 910 291 975 prius
327 911 470 959 oneri
506 928 659 976 quam
699 912 816 960 usui
855 929 976 961 esse.
1053 912 1223 961 Ceteri
1261 930 1403 977 10805
1444 916 1536 961 aut
1571 914 1705 962 bello

146 995 275 1044 victi
313 996 369 1044 in
407 996 685 1044 amicitiam
725 1014 756 1044 a
796 997 942 1044 Vobis
978 997 1170 1061 recepti
1207 1002 1343 1057 sunt,
1382 1002 1473 1044 aut
1508 998 1564 1044 in
1600 997 1704 1045 51115

145 1079 316 1127 dubiis
340 1080 492 1127 rebus
517 1079 812 1127 societatem
837 1084 1060 1128 vestram
1081 1080 1442 1144 appetiverunt
1459 1098 1472 1142 ;
1510 1073 1706 1128 famih'a

145 1168 322 1212 nostra
347 1180 463 1212 cum
487 1163 675 1227 populo
707 1162 942 1211 Romano
974 1164 1108 1211 bello
1143 1163 1553 1228 Carthaginiensi
1585 1164 1705 1211 ami-

145 1249 319 1297 citiam
356 1248 604 1309 instituit,
643 1265 744 1312 quo
780 1253 1009 1313 tempore
1045 1249 1207 1313 magis
1243 1249 1368 1297 fides
1406 1249 1515 1313 ejus
1552 1266 1704 1313 quam

144 1333 354 1382 fortuna
376 1332 598 1397 petenda
623 1337 745 1382 erat.
823 1333 1052 1391 Quorum
1075 1334 1367 1398 progeniem
1392 1351 1497 1394 vos,
1525 1333 1705 1382 Patres

143 1417 433 1482 conscripti,
459 1417 620 1465 nolite
644 1417 755 1481 pati
779 1434 874 1477 me,
896 1422 1134 1481 nepotem
1160 1417 1479 1479 Masinissae,
1506 1417 1700 1466 frustra

142 1520 174 1551 a
210 1503 357 1551 vobis
399 1502 651 1550 auxilium
690 1507 877 1567 petere.
955 1503 1011 1551 Si
1058 1503 1124 1551 ad
1159 1503 1539 1567 impetrandum
1574 1503 1705 1551 nihi]

142 1603 350 1635 caussae
385 1586 624 1635 haberem
658 1592 862 1651 praeter
891 1587 1230 1636 miserandam
1264 1588 1540 1649 fortunam,
1568 1588 1703 1653 quod

141 1670 314 1734 paullo
339 1675 459 1718 ante
484 1686 592 1730 rex,
613 1687 811 1734 genere,
833 1670 971 1718 fama
996 1676 1149 1735 atque
1170 1672 1326 1736 copiis
1349 1678 1546 1736 potens,
1566 1689 1703 1720 nunc

142 1754 459 1802 deformatus
484 1755 758 1814 aerumnis,
785 1755 947 1818 inops,
976 1755 1167 1803 alienas
1200 1773 1319 1820 opes
1353 1761 1605 1820 exspecto,
1631 1760 1703 1804 ta-

141 1855 260 1886 men
284 1843 395 1886 erat
418 1839 702 1902 maJ'estatis
719 1839 896 1904 popuii
912 1839 1136 1887 Romani
1154 1840 1420 1904 prohibere
1445 1840 1701 1904 injuriam,

141 1938 306 1986 neque
353 1922 465 1987 pati
513 1922 816 1987 cujusquam
864 1940 1078 1987 regnum
1126 1941 1217 1988 per
1265 1924 1427 1972 scelus
1466 1940 1699 1972 crescere.

142 2005 341 2053 Verum
379 2022 470 2070 ego
506 2006 587 2055 his
624 2007 814 2055 finibus
858 2007 1049 2070 ejectus
1093 2025 1220 2068 sum,
1259 2025 1384 2072 quos
1426 2008 1703 2072 majoribus

141 2090 268 2138 meis
291 2092 513 2155 populus
540 2092 806 2140 Romanus
831 2092 988 2152 dedit,
1017 2093 1152 2141 unde
1175 2099 1323 2158 pater
1359 2098 1411 2142 01
1441 2111 1567 2142 avus
1601 2110 1704 2141 11113.

141 2172 405 2221 vobiscum
465 2175 708 2239 expulere
770 2175 1054 2239 Syphacem
1122 2181 1175 2223 et
1241 2175 1698 2240 Carthaginienses.

142 2256 335 2305 Vestra
356 2258 604 2314 beneficia
635 2259 764 2308 mihi
801 2265 976 2324 erepta
1015 2265 1151 2322 sunt,
1180 2261 1362 2309 Patres
1397 2260 1671 2325 conscripti
1688 2278 1702 2322 3

142 2355 233 2387 vos
257 2339 313 2387 in
337 2339 528 2403 injuria
552 2359 666 2391 mea
690 2342 918 2407 despecti
944 2344 1078 2392 estis.
1157 2343 1305 2392 Eheu
1324 2360 1404 2391 1110
1429 2343 1670 2391 miserum
1692 2345 1701 2390 !

143 2424 396 2485 Huccine,
427 2425 649 2491 Micipsa
685 2432 846 2492 pater,
879 2428 1125 2476 beneficia
1164 2445 1382 2488 evasere,
1418 2426 1512 2487 uti,
1551 2444 1702 2492 quem

141 2516 202 2558 tu
235 2527 410 2575 parem
444 2527 559 2560 cum
596 2513 770 2562 liberis
794 2514 900 2562 tuis
924 2515 1168 2579 regnique
1192 2514 1492 2579 participem
1516 2512 1699 2572 fecisti,

142 2595 185 2642 is
209 2594 532 2659 potissimum
557 2596 732 2661 stirpis
757 2602 878 2646 tuae
899 2599 1156 2646 extinctor
1182 2599 1281 2648 sit‘.2
1352 2598 1700 2662 Nunquamne

141 2695 260 2742 ergo
283 2678 481 2727 familia
504 2685 684 2728 nostra
706 2682 880 2746 quieta
906 2665 1037 2731 erit?
1072 2699 1334 2746 semperne
1358 2682 1413 2729 in
1438 2680 1698 2745 sanguine,

141 2763 292 2823 ferro,
330 2762 452 2826 fuga
488 2764 838 2813 versabimur?
909 2765 1050 2813 Dum
1089 2764 1532 2828 Carthaginienses
1568 2762 1700 2810 inco-

142 2847 304 2896 lumes
327 2847 484 2907 fuere,
506 2847 623 2911 jure
649 2850 820 2898 omnia
853 2867 1004 2898 saeva
1042 2851 1390 2916 patiebamur:
1428 2848 1598 2896 hostes
1634 2846 1698 2894 ab
