1875 3133
463 119 636 167 SALL
647 119 846 168 USTJI
887 121 1027 170 JUG
1040 122 1293 173 URTHA.
1594 131 1657 179 93

125 233 277 276 antea
308 245 421 277 cum
455 231 842 294 imperatoribus
875 232 1119 281 Romanis
1153 251 1324 298 pacem
1359 243 1657 287 conventam

125 308 317 358 frustra
363 311 530 360 fuisse.
611 312 845 361 Ceterum
895 315 937 362 si
984 316 1226 364 ambobus
1274 319 1558 382 consultum
1607 327 1658 368 et

122 396 286 439 ratam
311 409 484 456 pacem
510 394 678 463 vellet,
704 395 848 442 daret
873 412 1089 459 operam,
1117 403 1175 444 ut
1204 415 1306 446 una
1337 400 1401 446 ab
1426 401 1657 454 omnibus

122 474 267 537 quasi
314 475 376 522 de
422 492 544 539 pace
582 461 645 523 vin
688 478 989 541 colloquium
1034 481 1306 540 veniretur,
1350 482 1520 546 ibique
1562 485 1657 531 sibi

122 555 314 604 Sullam
340 557 564 605 traderet
572 576 584 618 3
611 575 765 622 quum
791 560 944 607 talem
969 561 1135 608 virum
1160 563 1214 608 in
1238 570 1487 626 potestate
1511 564 1657 613 habe-

121 645 213 699 ret,
240 646 351 687 tum
375 640 497 700 fore,
525 642 602 688 uti
628 642 774 704 jussu
807 649 1012 691 senatus
1044 650 1196 707 atque
1228 647 1402 709 populi
1436 646 1655 695 Romani

47 778 73 795 w
120 723 298 772 foedus
333 725 504 773 fieret:
548 742 709 789 neque
747 726 999 774 hominem
1040 729 1273 788 nobilem,
1312 746 1414 777 non
1456 747 1548 778 sua
1589 732 1656 794 ig-

79 790 83 805 ¹
120 806 272 854 navia
307 807 394 855 sed
430 809 493 855 ob
529 809 905 872 rempublicam,
944 810 998 856 in
1034 810 1255 858 hostium
1292 817 1542 875 potestate
1585 830 1657 861 re-

119 890 296 938 lictum
322 891 430 938 iri.''
1228 896 1255 906 '⁴
1415 905 1417 910 “
1633 904 1636 910 ’

223 973 426 1021 CXIII.
503 973 647 1021 Haec
696 974 910 1022 Maurus
959 992 1125 1022 secum
1169 977 1274 1040 ipse
1317 977 1405 1024 diu
1447 979 1655 1027 volvens

118 1055 323 1103 tandem
372 1057 633 1120 promisit3
682 1063 903 1104 ceterum
946 1057 1061 1104 dolo
1103 1075 1168 1104 an
1211 1075 1328 1106 vere
1370 1066 1651 1120 cunctatus,

116 1153 295 1200 parum
344 1139 686 1201 comperimus.
782 1138 880 1186 Sed
927 1140 1221 1204 plerumque
1269 1142 1433 1205 regiae
1481 1144 1653 1204 volun-

117 1225 263 1279 tates,
305 1225 364 1267 ut
410 1221 746 1280 vehementes,
791 1222 861 1268 sic
909 1223 1132 1282 mobiles,
1178 1240 1324 1288 saepe
1372 1226 1509 1288 ipsae
1558 1227 1653 1274 sibi

115 1303 367 1351 adversae.
443 1304 626 1352 Postea
658 1310 882 1368 tempore
919 1311 971 1352 et
1005 1306 1113 1353 loco
1150 1309 1441 1368 constituto,
1473 1310 1527 1356 in
1560 1311 1653 1357 col-

115 1386 340 1450 loquium
374 1387 452 1434 uti
484 1387 545 1434 de
570 1404 691 1451 pace
716 1389 989 1448 veniretur,
1018 1390 1462 1440 Bocchus-Sullam
1488 1395 1650 1454 modo,

115 1468 263 1516 modo
303 1469 339 1516 J
344 1470 591 1532 ugurthae
627 1471 848 1533 legatum
891 1473 1158 1535 appellare,
1196 1476 1410 1539 benigne
1452 1477 1649 1537 habere,

115 1551 248 1598 idem
289 1553 531 1599 ambobus
578 1553 814 1616 polliceri.
892 1554 978 1601 Illi
1025 1557 1215 1619 pariter
1261 1558 1396 1617 laeti,
1440 1577 1497 1606 ac
1545 1562 1650 1624 spei

115 1633 275 1679 bonae
310 1633 458 1696 pleni.
536 1634 633 1681 Sed
670 1641 816 1682 nocte
853 1652 925 1695 ea,
966 1653 1091 1700 quae
1128 1640 1358 1701 proxima
1394 1641 1496 1688 fuit
1531 1649 1650 1690 ante

114 1713 247 1761 diem
281 1715 527 1778 colloquio
557 1715 829 1776 decretum,
858 1717 1072 1766 Maurus
1104 1721 1344 1769 adhibitis
1377 1724 1565 1783 amicis,
1592 1742 1649 1772 ac

114 1797 303 1856 statim,
346 1798 616 1846 immutata
658 1800 936 1860 voluntate,
981 1805 1201 1863 remotiS,
1246 1805 1434 1853 dicitur
1481 1824 1646 1855 secum

113 1880 219 1944 ipse
265 1881 428 1928 multa
475 1882 758 1945 agitavisse,
804 1884 951 1931 vultu
994 1888 1213 1950 corporis
1260 1890 1451 1952 pariter
1497 1890 1675 1954 atque'

112 1963 281 2011 animo
328 1965 529 2026 varius,
587 1983 713 2029 quae
770 1968 975 2028 scilicet,
1025 1976 1225 2019 tacente
1280 1973 1402 2036 ipso,
1452 1977 1648 2023 occulta

112 2048 328 2111 pectoris
363 2050 670 2113 patefecisse.
747 2052 935 2100 Tamen
972 2061 1224 2117 postremo
1262 2057 1452 2106 Sullam
1490 2078 1647 2109 accer-

112 2129 201 2177 siri
218 2130 380 2193 jubet,
398 2137 450 2179 et
473 2149 536 2179 ex
556 2133 662 2195 ejus
682 2136 933 2182 sententia
953 2136 1207 2186 Numidae
1233 2140 1440 2189 insidias
1465 2144 1640 2191 tendit.

113 2209 326 2273 Deinde,
368 2214 456 2261 ubi
497 2214 603 2262 dies
644 2216 866 2277 advenit,
906 2225 957 2266 et
999 2221 1044 2267 ei
1087 2223 1382 2271 nunciatum
1427 2232 1517 2283 cst,
1554 2226 1646 2274 Ju-

110 2294 346 2356 gurtham
384 2296 520 2344 haud
563 2300 735 2362 procul
779 2301 965 2359 abesse,
1010 2319 1122 2350 cum
1166 2306 1338 2367 paucis
1380 2308 1553 2355 amicis
1594 2316 1645 2357 et

111 2384 373 2441 quaestore
405 2388 592 2442 nostro,
619 2384 762 2446 quasi
791 2385 970 2432 obvius
994 2386 1197 2434 honoris
1222 2405 1397 2436 caussa
1419 2392 1645 2453 procedit

109 2460 165 2507 in
211 2462 463 2510 tumulum
511 2464 808 2514 facillimum
852 2468 964 2515 visu
1007 2470 1375 2518 insidiantibus.
1453 2472 1641 2521 Eodem

111 2541 339 2590 Numida
379 2561 492 2592 cum
534 2547 784 2612 plerisque
827 2551 1118 2597 necessariis
1161 2553 1263 2598 suis
1305 2553 1526 2613 inermis,
1566 2557 1642 2603 uti

109 2624 301 2673 dictum
341 2633 464 2685 erat,
504 2630 697 2678 accedit
716 2649 729 2692 3
771 2649 829 2679 ac
871 2634 1043 2680 statim
1084 2634 1225 2696 signo
1264 2635 1383 2684 dato
1420 2638 1641 2702 undique

109 2706 260 2755 simul
295 2724 359 2755 ex
395 2707 591 2757 insidiis
627 2711 898 2762 invaditur.
976 2715 1142 2763 Ceteri
1185 2717 1502 2768 obtruncati:
1550 2720 1586 2768 J
1593 2738 1641 2768 u-
