1875 3117
203 119 264 166 92
545 116 932 168 SALLUSTJI
973 114 1373 163 JUGURTJJA,

200 245 308 277 sum
346 234 565 276 armatos
597 228 749 275 armis
786 231 984 273 tutatus
1016 242 1138 272 sum.
1216 224 1279 272 Id
1309 224 1504 282 omitto,
1530 222 1730 287 quando

201 313 343 360 vobis
378 312 449 359 ita
482 312 675 375 placet3
711 310 884 369 gerite,
913 309 988 355 uti
1015 308 1185 366 vultis,
1212 325 1324 355 cum
1349 305 1609 370 Jugurtha
1631 306 1730 354 bel-

200 396 316 443 lum.
389 395 495 457 Ego
522 395 705 441 flumen
729 391 1038 449 Mulucham,
1060 390 1191 454 quod
1218 391 1350 438 inter
1374 405 1453 436 me
1477 393 1530 436 et
1554 387 1731 452 Micip-

200 495 304 524 sam
342 477 456 534 fuit,
496 492 594 522 non
632 474 871 533 egr‹‘·(liar‚
910 490 1070 536 neque
1106 473 1141 520 J
1149 472 1414 535 ugurtham
1452 470 1503 518 id
1539 470 1730 517 intrare

201 561 372 608 sinam.
451 559 731 615 Praeterea,
774 558 814 603 si
858 556 978 619 quid
1023 573 1198 619 meque
1242 555 1480 618 vobisque
1522 553 1728 616 dignum

202 642 455 706 petiveriS,
483 640 615 687 haud
644 639 871 702 repulsus
896 639 1100 685 abibisJ'

306 722 443 771 CXI.
522 721 606 768 Ad
641 738 698 767 va
729 720 868 766 Sulla
894 737 982 782 pro
1008 737 1059 765 se
1084 719 1305 766 breviter
1329 726 1381 765 et
1412 717 1604 765 modice
1622 733 1634 776 3
1670 715 1732 763 de

202 822 320 868 pace
369 810 421 849 et
467 802 528 848 de
571 801 918 848 conununibus
962 800 1135 846 multis
1177 799 1425 846 disseruit.
1500 798 1733 861 Denique

203 888 303 950 regi
329 886 582 950 patefecit,
613 885 790 948 “quod
817 885 1127 947 p‹’›lliceatur‚
1155 890 1384 929 senatum
1411 888 1462 929 et
1491 882 1730 946 populum

203 971 504 1025 Romanum,
532 969 765 1031 quoniam
801 968 1016 1030 amplius
1049 967 1202 1014 armis
1236 966 1527 1024 valuissent,
1554 981 1654 1013 non
1680 965 1733 1012 in

200 1053 413 1115 gratiam
453 1052 741 1098 habituros:
786 1051 1070 1098 faciendum
1115 1050 1320 1113 aliquid,
1361 1049 1493 1113 quod
1532 1049 1731 1097 illorum

203 1136 358 1198 magis
375 1152 522 1198 quam
545 1133 635 1180 su‘a
657 1134 884 1181 retulisse
907 1133 1162 1179 videretur
1174 1151 1185 1192 3
1213 1133 1261 1180 id
1283 1132 1406 1180 adeo
1426 1133 1477 1179 in
1498 1139 1733 1196 promptu

201 1235 322 1277 esse,
367 1218 601 1281 quoniam
645 1217 931 1279 Jugurtliae
975 1217 1166 1279 copiam
1217 1217 1452 1276 haberet3
1501 1232 1647 1280 quem
1690 1217 1732 1263 si

204 1302 450 1349 Romanis
472 1301 777 1356 tradidisset,
800 1301 920 1357 fore,
944 1301 1018 1346 uti
1046 1300 1118 1346 illi
1144 1300 1415 1362 plurimum
1442 1299 1723 1358 deberetur,

202 1384 491 1442 amicitiam,
526 1383 717 1441 foechm,
754 1383 1026 1429 Numidiae
1060 1390 1270 1445 partem,
1305 1399 1454 1445 quam
1489 1398 1623 1429 nunc
1655 1398 1734 1445 pe-

1054 1465 1076 1483 9,

203 1472 347 1523 teret,
375 1472 496 1512 tunc
533 1466 665 1512 ultro
699 1465 1044 1512 adventuram.
1150 1464 1264 1511 Rex
1294 1465 1456 1528 primo
1481 1464 1734 1527 negitare:

205 1549 579 1606 “adfinitatem,
631 1548 993 1610 cognationem,
1043 1555 1302 1610 praeterea
1357 1546 1534 1594 foedus
1586 1547 1737 1612 inter·

205 1633 428 1692 venisse3
471 1632 534 1679 ad
574 1632 666 1678 hoc
709 1639 946 1689 metuere,
985 1648 1047 1677 ne
1090 1631 1228 1677 fluxa
1270 1629 1367 1677 fide
1411 1646 1545 1688 usus,
1584 1644 1738 1692 popu-

205 1716 384 1762 larium
422 1715 615 1762 animos
648 1722 913 1773 averteret,
949 1714 1089 1777 queis
1122 1720 1174 1760 et
1204 1713 1241 1761 J
1245 1712 1464 1776 ugurtha
1496 1728 1656 1771 carus,
1686 1717 1740 1759 et

206 1800 424 1847 Romani
473 1800 624 1846 invisi
673 1799 861 1845 erant.'’
934 1798 1182 1861 Denique,
1232 1797 1430 1860 saepius
1477 1796 1736 1859 fatigatus,

205 1884 407 1942 lenitur,
451 1890 502 1931 et
544 1901 607 1930 ex
650 1884 912 1930 voluntate
959 1883 1127 1930 Sullae
1175 1882 1344 1929 omnia
1390 1897 1442 1928 se
1483 1880 1738 1927 facturum

205 1967 470 2031 promittit.
571 1967 807 2014 Ceterum
857 1966 920 2012 ad
977 1964 1310 2012 simulandam
1357 1979 1546 2026 pacem,
1595 1962 1739 2024 cujus

207 2048 447 2106 Numida,
475 2047 698 2095 defessus
735 2047 880 2105 bello,
908 2046 1243 2104 avidissimus,
1270 2060 1398 2108 quae
1434 2043 1582 2090 utilia
1613 2043 1737 2101 visa,

206 2131 535 2179 constituunt.
613 2130 697 2177 Ita
723 2129 996 2192 composito
1021 2128 1135 2175 dolo
1159 2127 1523 2190 digrediuntur.

309 2213 480 2262 CXII.
557 2213 635 2260 At
670 2229 760 2259 rex
796 2218 995 2274 postero
1032 2211 1112 2257 die
1148 2210 1415 2272 Asparem,
1451 2206 1740 2271 Jugurthae

206 2298 443 2361 legatum,
463 2295 699 2359 appellat,
717 2294 938 2356 dicitque
961 2293 1095 2339 “sibi
1119 2308 1208 2355 per
1232 2291 1486 2338 Dabarem
1510 2306 1576 2337 ex
1599 2288 1742 2337 Sulla

208 2380 479 2443 cognitum,
510 2394 653 2442 posse
690 2375 1067 2424 condicionibus
1098 2374 1287 2420 bellum
1320 2372 1440 2436 pom‘
1456 2390 1469 2432 3
1507 2370 1741 2435 quamob-

207 2478 313 2509 rem
349 2461 480 2523 regis
513 2460 592 2507 sui
627 2458 929 2506 sententiam
963 2455 1293 2519 exquireret.’'
1365 2454 1462 2501 Ille
1494 2453 1657 2500 laetus
1687 2451 1740 2498 in

210 2549 375 2591 castra
405 2543 441 2590 J
446 2542 693 2606 ugurthae
725 2541 878 2588 venit
954 2538 1168 2596 Deinde,
1194 2538 1259 2584 ab
1288 2537 1376 2584 illo
1400 2542 1584 2583 cuncta
1605 2533 1742 2582 edoc-

210 2633 309 2685 tus,
328 2631 594 2689 properato
618 2624 800 2671 itinere
824 2627 939 2686 post
959 2621 1092 2668 diem
1118 2626 1353 2667 octavum
1377 2617 1512 2666 redit
1532 2616 1598 2664 ad
1623 2616 1746 2664 Boc-

211 2707 377 2766 chum,
411 2712 464 2754 et
497 2706 544 2754 ei
575 2706 787 2753 nunciat
813 2709 840 2730 “
857 2704 894 2752 J
898 2702 1170 2766 ugurtham
1203 2716 1384 2766 cupere
1408 2699 1592 2757 omnia,
1617 2713 1746 2761 quae

212 2792 595 2856 imperarentur,
621 2789 817 2849 facere,
854 2787 942 2834 sed
974 2785 1141 2833 Mario
1173 2800 1352 2848 parum
1380 2782 1564 2831 fidere:
1600 2796 1747 2845 saepe
