1875 3133
462 91 541 141 SA
555 92 642 139 LL
656 91 855 141 USTII
901 91 1304 144 JUGURTHA.
1601 96 1663 145 27

115 204 396 255 sacerdotia
432 209 484 252 et
520 204 829 265 consulatus,
867 222 986 269 pars
1024 204 1311 269 triumphos
1353 220 1470 256 suos
1506 210 1667 253 osten-

114 295 298 350 tantes,
323 289 534 354 perinde
567 290 713 354 quasi
745 307 804 338 ea
839 290 1034 351 honori,
1060 308 1164 339 non
1188 290 1405 355 praedae
1429 290 1662 339 habeant.

115 374 262 423 Servi
285 391 400 422 aere
424 373 592 438 parati
617 373 831 438 imperia
859 374 1053 437 injusta
1083 374 1404 422 dominorum
1434 390 1537 421 non
1561 391 1667 438 per-

114 458 318 507 ferunt:
356 474 461 517 vos,
497 457 739 518 Quirites,
775 457 987 522 imperio
1021 457 1147 518 nati,
1179 474 1340 522 aequo
1371 457 1540 505 animo
1571 474 1667 505 ser-

114 544 333 592 vitutem
365 543 628 592 toleratis?
699 543 777 591 At
807 543 895 608 qui
924 548 1046 592 sunt
1077 543 1146 604 hi,
1182 544 1271 608 qui
1302 542 1666 607 rempublicam

113 629 454 694 occupavere?
489 628 719 677 homines
745 629 1136 689 sceleratissimi,
1166 629 1391 677 cruentis
1415 629 1666 688 manibus,

114 711 326 758 immani
362 712 595 773 avaritia,
635 712 983 760 nocentissimi
1019 712 1254 776 idemque
1291 713 1638 777 superbissimi
1655 732 1667 774 3

113 799 256 864 queis
292 796 432 859 fides,
460 798 629 859 decus,
656 799 835 864 pietas,
867 804 1122 864 postremo
1158 799 1372 847 honesta
1408 804 1561 863 atque
1597 800 1669 847 in-

111 883 326 931 honesta
361 882 532 930 omnia
568 882 803 946 quaestui
841 888 973 931 sunt.
1051 882 1178 930 Pars
1215 899 1388 930 eorum
1427 883 1668 931 occidisse

111 966 346 1014 tribunos
370 965 548 1030 plebis,
577 966 666 1013 alii
699 967 1022 1031 quaestiones
1051 967 1284 1030 injustas,
1312 966 1539 1030 plerique
1566 983 1670 1014 cae·

112 1048 227 1096 dem
253 1048 309 1096 in
333 1065 424 1096 vos
449 1047 629 1096 fecisse
653 1065 746 1113 pro
779 1048 1098 1096 munimento
1127 1047 1329 1096 habent.
1408 1047 1493 1095 Ita
1517 1064 1668 1112 quam

117 1134 331 1199 quisque
355 1133 571 1198 pessime
601 1133 740 1193 fecit,
767 1138 874 1181 tam
904 1133 1127 1181 maxime
1159 1137 1305 1180 tutus
1331 1137 1407 1180 est
1427 1150 1440 1193 3
1476 1136 1668 1179 metum

111 1236 142 1267 a
170 1219 356 1267 Scelere
393 1234 484 1266 suo
514 1217 579 1265 ad
616 1218 874 1282 ignaviam
904 1223 1129 1266 vestram
1167 1217 1506 1279 transtulere,
1544 1233 1669 1281 quos

111 1319 284 1350 omnes
309 1301 485 1349 eadem
511 1319 709 1366 cupere,
738 1302 913 1350 eadem
948 1302 1127 1362 odisse,
1155 1302 1329 1350 eadem
1363 1307 1588 1350 metuere
1614 1302 1670 1349 in

111 1403 271 1434 unum
310 1386 486 1450 co'e'git.
564 1386 663 1434 Sed
705 1386 829 1434 haec
871 1386 1008 1434 inter
1055 1387 1214 1435 bonos
1263 1387 1488 1435 amicitia
1535 1387 1670 1434 inter

110 1470 270 1518 malos
307 1469 465 1518 factio
506 1475 593 1518 est.
673 1470 821 1529 Quod
858 1470 902 1518 si
937 1476 1044 1518 tam
1081 1488 1171 1519 vos
1207 1472 1460 1519 libertatis
1497 1488 1668 1518 curam

110 1554 380 1614 haberetiS,
421 1571 573 1618 quam
612 1555 690 1602 illi
732 1555 796 1603 ad
839 1555 1238 1604 dominationem
1286 1555 1483 1604 accensi
1531 1561 1666 1614 sunt,

109 1637 338 1703 profecto
363 1654 527 1702 neque
560 1655 641 1685 res
672 1639 892 1702 publica,
920 1638 1073 1686 sicuti
1108 1655 1260 1698 nunc,
1287 1642 1590 1697 vastaretur,
1618 1643 1669 1685 et

110 1722 355 1772 beneficia
391 1727 562 1770 vestra
597 1739 752 1786 penes
789 1722 1022 1786 optimos,
1060 1739 1165 1770 non
1201 1721 1561 1770 audacissimos
1597 1720 1668 1768 fo-

110 1811 238 1855 rent.
315 1805 540 1869 Majores
569 1805 729 1853 vestri
761 1805 976 1869 parandi
1003 1806 1135 1869 juris
1164 1810 1216 1853 et
1249 1804 1530 1868 majestatis
1556 1819 1668 1850 con·

111 1890 402 1939 stituendae
443 1890 609 1954 gratia
650 1889 728 1938 bis
770 1907 861 1954 per
900 1890 1230 1938 secessionem
1269 1889 1454 1937 armati
1496 1888 1667 1936 Aven-

110 1975 279 2022 tinum
316 1991 656 2039 occupavere:
706 1991 797 2022 vos
836 1990 928 2038 pro
967 1974 1220 2034 libertate,
1259 1990 1411 2038 quam
1460 1974 1523 2021 ab
1565 1974 1668 2021 illis

111 2059 392 2123 accepistis,
424 2075 528 2106 non
564 2075 763 2106 summa
799 2075 893 2123 ope
929 2059 1200 2108 nitemini?
1237 2064 1390 2123 atque
1427 2075 1485 2106 00
1522 2058 1667 2106 vehe-

112 2142 349 2203 mentius,
367 2142 503 2207 quod
528 2142 694 2205 majus
719 2142 937 2190 dedecus
963 2147 1055 2202 est,
1073 2148 1221 2207 parta
1245 2143 1494 2202 amittere,
1516 2158 1665 2205 quam

112 2227 318 2275 omnino
359 2245 464 2276 non
505 2227 798 2292 paravisse?
869 2226 1023 2275 Dicet
1061 2227 1275 2291 aliquis:
1333 2226 1468 2284 Quid
1510 2226 1668 2289 igitur

112 2311 316 2360 00115052
404 2311 792 2359 Vindicandum
841 2311 896 2358 in
944 2328 1044 2372 005,
1090 2311 1178 2376 qui
1226 2303 1369 2358 hosti'
1402 2309 1667 2373 prodidere

111 2395 513 2460 rempublicam?
584 2396 707 2444 Non
740 2413 912 2456 manu,
940 2413 1105 2460 neque
1139 2396 1206 2455 vi,
1234 2394 1368 2459 quod
1394 2393 1553 2456 magis
1578 2408 1668 2440 vos

111 2481 290 2530 fecisse
315 2497 467 2545 quam
492 2481 594 2529 illis
610 2481 866 2541 accidisse,
888 2481 1155 2545 indignum
1176 2485 1267 2539 est,
1289 2495 1464 2526 verum
1491 2495 1665 2542 quaes-

111 2566 338 2615 tionibus
370 2569 423 2613 et
454 2565 642 2614 indicio
675 2566 835 2630 ipsius
860 2565 896 2614 J
900 2565 1150 2629 ugurthae
1167 2583 1180 2626 ,
1218 2564 1306 2628 qui
1331 2563 1373 2611 si
1398 2562 1667 2610 dediticius

112 2655 205 2711 est,
239 2649 467 2714 profecto
496 2648 654 2712 jussis
686 2651 870 2698 vestris
907 2649 1145 2698 obediens
1182 2648 1280 2695 erit
1295 2665 1309 2709 3
1353 2647 1432 2694 sin
1465 2663 1524 2694 ea
1557 2663 1667 2694 0011-

114 2734 314 2794 temnit,
335 2733 528 2781 scilicet
552 2733 912 2781 existimabitis
932 2733 1095 2798 qualis
1121 2732 1209 2779 illa
1233 2748 1335 2795 pax
1360 2735 1452 2777 aut
1476 2729 1666 2777 deditio

114 2814 197 2874 sit,
246 2829 311 2862 ex
358 2829 459 2878 qua
506 2813 572 2861 ad
619 2813 934 2877 Jugurtham
977 2813 1222 2862 scelerum
1266 2810 1561 2875 impunitas,
1603 2809 1665 2858 ad
