1875 3133
438 98 615 148 SALL
627 96 830 147 USTII
871 96 911 143 J
920 94 1007 144 UG
1023 92 1280 143 URTHA.
1575 95 1636 142 29

87 232 178 280 ego
202 231 309 274 vos,
337 213 579 272 Quirites,
606 212 797 271 hortor,
825 215 884 258 ut
917 210 1108 257 malitis
1143 209 1278 256 cives
1311 213 1506 256 vestros
1536 224 1642 271 per-

87 317 277 366 peram,
316 315 469 363 quam
505 302 642 345 recte
679 296 872 354 fecisse,
914 294 1000 342 sed
1042 311 1107 341 ne
1150 292 1455 357 ignoscendo
1497 292 1644 339 malis

87 387 247 434 bonos
295 383 554 448 perditum
604 381 743 429 eatis.
821 379 909 427 Ad
957 379 1050 426 hoc
1090 378 1146 425 in
1184 377 1445 441 republica
1482 376 1644 422 multo

89 473 317 536 praestat
354 467 590 516 beneficii
638 482 791 530 quam
840 463 1075 512 maleficii
1122 463 1468 510 immemorem
1509 477 1644 508 esse:

95 556 254 603 bonus
289 550 646 600 tantummodo
684 549 883 613 segnior
919 549 978 596 fit
1009 548 1097 595 ubi
1129 548 1370 611 negligas,
1398 551 1452 593 at
1484 545 1648 592 malus

91 639 380 705 improbior.
458 637 546 685 Ad
576 637 670 684 hoc
708 636 751 684 si
788 635 1005 699 injuriae
1038 651 1142 682 non
1179 634 1298 693 sint,
1325 632 1459 680 haud
1502 648 1648 695 saepe

93 724 275 773 auxilii
300 740 457 787 egeas.
467 722 490 743 ⁷'

198 808 443 858 XXXII.
522 807 668 855 Haec
706 810 859 869 atque
896 804 996 851 alia
1020 801 1382 866 hujuscemodo
1409 817 1555 864 saepe
1581 799 1650 847 di-

95 894 255 944 cendo
294 892 571 941 Memmius
619 890 807 955 populo
856 887 1144 952 persuadet,
1183 886 1262 934 uti
1321 885 1376 934 L.
1432 885 1650 942 Cassius,

95 980 184 1046 qui
207 984 319 1027 tum
345 983 549 1043 praetor
582 982 707 1035 erat,
735 974 800 1022 ad
837 972 1151 1037 Jugurtham
1186 972 1493 1030 mitteretur,
1521 987 1654 1017 eum-

96 1082 194 1130 que
241 1063 545 1128 interposita
592 1061 691 1109 fide
740 1060 960 1124 publica,
1003 1058 1221 1105 Romam
1262 1056 1470 1103 duceret
1488 1073 1501 1117 3
1556 1072 1655 1119 quo

95 1149 314 1208 facilius,
341 1146 531 1194 indicio
568 1144 715 1208 regis,
746 1142 925 1191 Scauri
962 1146 1014 1189 et
1051 1141 1378 1204 reliquorum,
1415 1156 1540 1203 quos
1577 1155 1657 1202 pe-

99 1233 278 1280 cuniae
316 1236 494 1295 captae
532 1228 869 1286 arcessebant,
905 1226 1092 1274 delicta
1128 1224 1440 1288 patefierent.
1518 1222 1656 1270 Dum

99 1317 222 1364 haec
248 1315 444 1364 Romae
469 1317 733 1377 geruntur,
762 1311 850 1375 qui
875 1311 930 1358 in
955 1309 1206 1358 Numidia
1238 1307 1405 1355 relicti
1430 1324 1459 1355 a
1485 1307 1659 1354 Bestia

100 1399 350 1449 exercitui
397 1401 684 1464 praeerant,
736 1395 899 1443 secuti
946 1411 1138 1442 morem
1192 1392 1515 1457 imperatoris
1564 1393 1657 1452 sui,

100 1483 322 1548 plurima
346 1486 399 1530 et
423 1478 819 1544 flagitiosissima
855 1477 1084 1525 facinora
1113 1475 1289 1523 fecere.
1367 1475 1546 1534 Fuere,
1574 1474 1660 1538 qui

102 1583 226 1616 auro
266 1564 494 1629 corrupti
542 1562 840 1627 elephantos
889 1561 925 1610 J
929 1560 1180 1625 ugurthae
1228 1559 1491 1607 traderent
1507 1576 1519 1619 3
1575 1558 1659 1605 alii

102 1651 342 1717 perfugas
378 1649 598 1697 vendere
615 1665 629 1709 3
678 1664 796 1712 pars
833 1663 897 1694 ex
934 1646 1128 1710 pacatis
1165 1645 1377 1710 praedas
1414 1644 1659 1707 agebant:

104 1742 252 1785 tanta
275 1736 355 1783 vis
391 1733 639 1782 avaritiae
672 1733 727 1779 in
760 1732 956 1779 animos
994 1747 1183 1789 eorum,
1212 1729 1374 1776 veluti
1406 1729 1564 1787 tabes,
1591 1727 1662 1774 in-

105 1825 320 1869 vaserat.
398 1819 478 1866 At
512 1817 732 1876 Cassius,
760 1816 958 1880 perlata
994 1815 1255 1878 rogatione
1282 1831 1311 1861 a
1337 1814 1388 1862 O.
1420 1812 1664 1861 Memmio

107 1923 164 1954 ac
194 1904 429 1970 perculsa
465 1903 605 1951 omni
638 1902 923 1960 nobilitate,
952 1900 1017 1948 ad
1053 1900 1089 1948 J
1093 1898 1366 1963 ugurtham
1399 1897 1665 1962 proficisci-

106 1997 223 2052 tur3
273 1990 420 2054 eique
456 1988 639 2036 timido
676 1992 728 2035 et
765 2003 829 2034 ex
867 1985 1175 2033 conscientia
1224 1983 1475 2031 diffidenti
1515 1982 1664 2029 rebus

109 2076 214 2126 suis
237 2074 511 2140 persuadet
530 2092 540 2122 ι
581 2078 609 2099 “
627 2072 868 2137 quoniam
889 2088 940 2119 se
965 2070 1153 2134 populo
1175 2069 1407 2116 Romano
1428 2067 1662 2121 dedisset,

111 2178 174 2209 ne
222 2161 328 2207 vim
377 2176 530 2224 quam
578 2157 977 2206 misericordiam
1027 2156 1136 2218 ejus
1185 2153 1405 2218 experiri
1447 2151 1664 2199 mallet.⁷⁷

112 2244 364 2292 Privatim
397 2248 660 2307 praeterea
688 2242 840 2289 fidem
881 2257 1023 2288 suam
1061 2238 1356 2302 interponit,
1393 2252 1542 2299 quam
1580 2235 1665 2281 ille

113 2345 215 2376 non
239 2327 451 2375 minoris
475 2344 628 2391 quam
652 2326 908 2391 publicam
940 2324 1157 2372 ducebat
1177 2341 1186 2370 ε
1224 2322 1341 2369 talis
1375 2337 1432 2367 ea
1457 2325 1666 2382 tempes-

115 2418 221 2460 tate
245 2410 384 2459 fama
408 2410 470 2458 de
497 2410 671 2459 Cassio
697 2415 818 2458 erat.

218 2495 496 2544 XXXIII.
573 2495 744 2559 Igitur
779 2495 815 2543 J
819 2493 1041 2558 ugurtha
1074 2496 1249 2539 contra
1286 2489 1437 2536 decus
1473 2486 1664 2550 regium

117 2582 262 2630 cultu
304 2597 457 2644 quam
499 2580 722 2627 maxime
760 2577 1039 2626 miserabili
1076 2592 1189 2623 cum
1239 2573 1411 2621 Cassio
1452 2571 1664 2618 Romani

118 2666 263 2714 venit
278 2683 292 2727 3
329 2681 386 2713 ac
419 2664 626 2711 tametsi
658 2664 714 2710 in
747 2663 856 2727 ipso
889 2677 1074 2723 magna
1106 2659 1183 2705 vis
1217 2655 1375 2704 animi
1407 2659 1531 2713 erat,
1560 2669 1669 2700 con-

119 2750 352 2797 firmatus
400 2748 465 2795 ab
513 2747 765 2806 omnibus,
807 2760 1021 2809 quorum
1070 2739 1301 2805 potentia
1348 2742 1439 2785 aut
1486 2736 1669 2784 scelere

121 2839 306 2887 cuncta
341 2849 401 2881 ea
435 2836 673 2895 gesserat,
712 2847 841 2894 quae
879 2844 1031 2892 supra
1067 2825 1305 2882 diximus,
1333 2822 1385 2871 O.
1424 2819 1668 2869 Baebium
