1875 3133
456 117 633 168 SALL
645 117 842 167 USTH
886 117 1022 167 JUG
1032 116 1288 165 URTHA.
1579 78 1654 163 33*

105 232 245 297 rupti
267 231 456 279 montis
471 235 714 289 extremo,
731 230 969 294 planities
988 229 1166 276 limosa
1182 227 1484 275 hiemalibus
1503 226 1645 289 aquis

105 316 340 382 paludem
387 313 616 379 fecerat,)
665 319 839 361 tamen
886 318 977 360 aut
1014 310 1287 360 simulandi
1328 309 1506 374 gratia,
1547 325 1645 372 quo

105 401 210 465 regi
241 398 564 448 formidinem
594 397 818 457 adderet,
846 402 937 444 aut
972 395 1208 460 cupidine
1243 410 1418 441 caecus
1455 393 1518 440 ob
1542 391 1648 439 the-

105 500 279 532 sauros
315 482 489 547 oppidi
523 481 775 545 potiundi,
802 481 976 528 vineas
1013 496 1174 543 agere,
1201 494 1431 541 aggerem
1462 476 1644 539 jacere,

105 566 317 630 aliaque,
344 581 472 629 quae
496 564 698 627 incepto
723 563 838 611 usui
871 563 1053 621 forent,
1080 577 1359 626 properare.

205 648 536 698 XXXVIII.
613 648 692 694 At
722 647 758 695 J
763 647 983 711 ugurtha
1016 646 1217 709 cognita
1241 644 1469 691 vanitate
1494 648 1645 707 atque

104 733 360 799 imperitia
394 732 548 796 legati
584 731 825 779 subdolus
862 732 970 793 ejus
1004 746 1186 793 augere
1217 728 1506 786 amentiam,
1533 727 1649 774 mis-

104 819 257 867 sitare
282 817 623 881 supplicantes
648 816 838 879 legatos
851 833 864 876 3
888 815 1009 878 ipse,
1038 814 1180 877 quasi
1206 812 1530 870 vitabundus,
1557 828 1647 875 per

103 904 326 951 saltuosa
349 902 459 948 loca
483 905 536 948 et
559 900 789 947 tramites
814 899 1093 946 exercitum
1119 898 1338 945 ductare.
1411 897 1644 961 Denique

103 985 300 1043 Aulum
337 999 423 1046 spe
460 982 708 1046 pactionis
744 981 981 1046 perpulit,
1014 981 1092 1027 uti
1128 980 1302 1027 relicto
1341 979 1555 1027 Suthule
1591 981 1646 1027 in

103 1069 303 1117 abditas
345 1067 573 1130 regiones
610 1083 715 1114 sese
758 1065 920 1113 veluti
963 1065 1223 1112 cedentem
1267 1064 1616 1127 insequeretur
1636 1081 1645 1122 ;

102 1153 176 1200 ita
200 1152 385 1200 delicta
409 1150 683 1198 occultiora
707 1150 826 1197 fore.
903 1149 1109 1197 Interea
1133 1166 1223 1212 per
1254 1149 1481 1197 homines
1515 1148 1651 1195 calli-

103 1235 193 1283 dos
244 1234 326 1282 die
381 1238 636 1297 noctuque
692 1233 972 1280 exercitum
1029 1233 1237 1280 tenebat
1253 1249 1266 1292 3
1328 1231 1647 1279 centuriones

102 1318 352 1382 ducesque
384 1322 668 1364 turmarum
702 1316 888 1380 partim
915 1316 993 1363 uti
1026 1315 1406 1378 transfugerent
1431 1329 1645 1362 corrum-

100 1416 234 1466 pere,
255 1399 342 1447 alii
367 1399 510 1463 signo
535 1398 654 1445 dato
679 1398 845 1445 locum
872 1398 949 1445 uti
974 1398 1272 1445 desererent.
1351 1397 1490 1454 Quae
1515 1402 1646 1460 post-

101 1500 251 1547 quam
277 1499 342 1530 ex
374 1481 628 1530 sententia
659 1481 883 1541 instruit,
911 1482 1267 1545 intempestate
1300 1486 1446 1528 nocte
1472 1480 1532 1527 de
1557 1480 1644 1526 im-

100 1566 302 1630 proviso
333 1564 664 1612 multitudine
698 1564 1039 1612 Numidarum
1074 1565 1201 1611 Auli
1239 1569 1402 1610 castra
1439 1563 1643 1609 circum-

101 1648 253 1696 venit.
347 1646 543 1694 Milites
600 1646 835 1706 Romani,
885 1647 1112 1694 tumultu
1159 1645 1376 1710 perculsi
1423 1644 1640 1703 insolito,

100 1748 241 1780 arma
276 1747 452 1794 capere
489 1729 591 1788 alii,
631 1729 718 1776 alii
755 1746 806 1777 se
843 1729 1040 1789 abdere,
1078 1746 1194 1793 pars
1231 1728 1434 1775 territos
1471 1727 1643 1774 confir-

99 1832 237 1863 mare
254 1834 267 1877 3
310 1814 564 1878 trepidare
601 1813 834 1860 omnibus
870 1813 1021 1860 locis:
1059 1813 1137 1859 vis
1172 1828 1355 1874 magna
1390 1810 1610 1858 hostium
1629 1829 1640 1869 3

100 1900 294 1948 caelum
330 1903 478 1946 nocte
517 1902 670 1961 atque
708 1896 929 1943 nubibus
967 1896 1290 1943 obscuratum
1307 1911 1320 1954 3
1362 1893 1640 1957 periculum

99 2001 282 2048 anceps
299 2001 312 2045 3
360 1988 614 2047 postremo
650 1980 826 2044 fugere
863 1998 928 2028 an
970 1997 1172 2027 manere
1215 1979 1378 2026 tutius
1414 1977 1547 2026 foret
1587 1979 1641 2025 in

99 2069 292 2115 incerto
334 2072 454 2114 erat.
532 2065 631 2113 Sed
673 2082 737 2112 ex
780 2081 838 2112 eo
876 2080 1101 2122 numero,
1143 2080 1267 2127 quos
1309 2063 1479 2126 paullo
1522 2068 1640 2109 ante

99 2156 360 2214 corruptos
396 2150 634 2213 diximus,
666 2149 842 2196 cohors
878 2165 980 2195 una
1016 2148 1260 2211 Ligurum
1299 2164 1411 2194 cum
1445 2146 1639 2194 duabus

99 2234 281 2281 turmis
316 2234 567 2281 ssracum
604 2239 657 2281 et
697 2233 872 2297 paucis
910 2232 1151 2296 gregariis
1192 2231 1440 2278 militibus
1481 2235 1640 2277 trans·

99 2317 200 2363 iere
232 2315 296 2363 ad
332 2333 497 2380 regem
508 2334 521 2377 3
558 2322 611 2364 et
643 2316 871 2364 centurio
903 2316 1054 2380 primi
1090 2315 1182 2379 pili
1218 2314 1397 2362 tertiae
1430 2314 1638 2377 legionis

98 2417 188 2464 per
240 2401 591 2461 munitionem,
640 2418 807 2465 quam,
862 2400 941 2447 uti
996 2399 1304 2458 defenderet,
1361 2403 1635 2461 acceperat,

98 2486 261 2533 locum
315 2485 545 2533 hostibus
597 2485 889 2533 intro'e'undi
943 2484 1112 2544 dedit3
1174 2498 1329 2545 eaque
1383 2481 1637 2529 Numidae

97 2569 268 2616 cuncti
303 2569 541 2632 irrupere.
616 2568 797 2616 Nostri
830 2568 978 2616 foeda
1007 2567 1142 2630 fuga,
1169 2565 1395 2629 plerique
1428 2564 1636 2626 abjectis

96 2652 249 2700 armis
273 2653 559 2716 proximum
586 2652 761 2699 collem
788 2665 1107 2714 occupavere.
1179 2647 1299 2695 Nox
1324 2652 1476 2710 atque
1500 2663 1635 2709 prae-

95 2735 161 2783 da
207 2740 486 2783 castrorum
533 2734 702 2782 hostes
749 2751 848 2798 quo
895 2733 1062 2780 minus
1111 2729 1325 2778 victoria
1372 2734 1636 2776 uterentur

96 2824 347 2867 remorata
371 2823 504 2867 sunt.
579 2817 714 2866 Dein
740 2819 775 2866 J
780 2817 1000 2882 ugurtha
1025 2821 1225 2880 postero
1251 2813 1331 2861 die
1358 2829 1470 2860 cum
1496 2812 1634 2859 Aulo

229 2915 338 2950 συθ.
1467 2893 1495 2937 3
