1875 3133
468 122 855 177 SALLUSTJI
898 120 1298 170 JUGURTHA.
1582 118 1644 164 49

110 256 171 289 ac
193 255 395 288 murum
430 237 579 286 modo
618 235 901 293 subfodere,
938 233 1086 281 modo
1122 232 1269 280 scalis
1294 229 1499 294 aggredi
1518 248 1532 291 3
1569 246 1649 277 cu-

111 310 229 386 pere
251 320 498 386 proelium
521 316 616 386 [in]
636 318 869 365 manibus
893 316 1070 364 facere.
1130 315 1319 363 Contra
1334 331 1393 362 ea
1411 311 1651 377 oppidani

111 406 166 452 in
201 404 458 468 proximos
495 418 618 450 saxa
659 401 877 459 volvere,
909 399 1073 458 sudcs,
1100 398 1219 462 pila,
1245 402 1506 461 praeterea
1540 396 1650 460 pice

112 492 164 534 ct
187 485 428 549 sulphure
452 483 654 531 taedam
678 482 893 529 mixtam
927 480 1128 528 ardenti
1160 480 1376 526 mittere.
1453 477 1551 525 Sed
1588 494 1650 524 ne

112 570 227 618 illos
250 569 469 634 quidem,
495 568 583 632 qui
607 567 783 631 procul
808 571 1113 624 manserant,
1147 565 1301 611 timor
1334 563 1493 610 animi
1528 562 1652 610 satis

113 652 402 700 muniverat
410 669 424 712 3
458 667 576 697 nam
601 649 864 713 plerosque
891 647 1062 711 jacula
1086 647 1354 694 tormentis
1379 651 1472 692 aut
1494 661 1651 692 manu

112 736 297 784 emissa
318 734 657 782 vulnerabant
672 750 686 794 3
722 732 930 796 parique
949 731 1188 795 periculo,
1209 729 1296 777 sed
1311 729 1448 777 fama
1471 728 1654 792 impari

113 819 234 868 boni
257 824 410 883 atque
434 817 607 882 ignavi
631 807 821 865 erant?

217 900 446 950 LVIII(
498 899 639 948 Dum
664 898 799 963 apud
819 898 1025 945 Zamam
1051 897 1121 944 sic
1141 901 1379 954 certatur,
1396 895 1432 943 J
1436 894 1656 958 ugurtha

115 1006 180 1038 ex
203 989 476 1053 improviso
501 994 666 1035 castra
683 987 905 1034 hostium
925 1003 1039 1034 cum
1055 1001 1238 1048 magna
1256 1000 1410 1031 manu
1426 983 1625 1030 invadit
1643 999 1654 1041 3

115 1074 351 1133 remissis,
376 1073 464 1137 qui
487 1074 543 1120 in
566 1072 816 1136 praesidio
852 1077 1012 1130 erant,
1040 1075 1092 1118 et
1120 1070 1289 1117 omnia
1320 1068 1479 1131 magis
1504 1083 1653 1130 quam

115 1151 363 1223 proelium
387 1149 815 1222 ekspectantibus,
840 1161 1038 1219 portam
1063 1154 1312 1217 irrumpit.
1378 1153 1455 1200 At
1479 1151 1654 1209 nostri,

117 1245 382 1310 repentino
422 1248 563 1291 metu
609 1242 842 1306 perculsi,
893 1240 989 1288 sibi
1037 1240 1247 1303 quisque
1296 1254 1387 1301 pro
1433 1236 1657 1283 moribus

118 1326 420 1387 consulunt,
456 1325 545 1372 alii
580 1323 769 1387 fugere,
797 1323 885 1370 alii
920 1339 1062 1370 arma
1094 1337 1270 1384 capere
1288 1337 1300 1380 ;
1336 1335 1518 1382 magna
1543 1333 1658 1381 pars

118 1410 388 1469 vulnerati,
425 1415 517 1457 aut
548 1408 709 1456 occisi,
787 1407 1023 1455 Ceterum
1060 1422 1124 1452 ex
1157 1404 1293 1452 omni
1329 1401 1657 1449 multitudine

118 1509 222 1541 non
255 1492 473 1556 amplius
514 1489 851 1554 quadraginta
890 1503 1135 1557 mergores
1176 1484 1395 1533 nominis
1439 1482 1659 1530 Romani

118 1591 267 1639 grege
302 1574 438 1622 facto
473 1573 638 1621 locum
673 1588 846 1635 cepere
879 1555 1056 1634 paullo*
1073 1586 1223 1633 quam
1249 1568 1336 1615 alii
1361 1566 1622 1614 editiorem
1648 1583 1656 1611 :

119 1672 283 1724 neque
336 1658 455 1706 inde
502 1658 725 1705 maxima
765 1657 817 1703 vi
856 1655 1040 1718 depelli
1086 1653 1375 1717 quiverunt,
1425 1649 1510 1697 sed
1559 1650 1660 1696 tela

120 1742 318 1790 eminus
341 1741 494 1788 missa
517 1740 790 1797 remittere,
817 1738 965 1802 pauci
997 1738 1051 1783 in
1079 1736 1309 1800 pluribus
1338 1734 1505 1780 minus
1534 1732 1660 1778 frus-

121 1825 247 1873 trati
262 1841 276 1886 5
315 1824 394 1871 sin
413 1822 668 1870 Numidae
693 1821 899 1885 propius
918 1820 1256 1877 accessissent,
1277 1818 1349 1864 ibi
1367 1833 1485 1864 vero
1505 1816 1660 1862 virtu-

122 1914 225 1956 tem
249 1905 512 1954 ostendere
537 1910 590 1952 et
613 1920 696 1951 eos
711 1903 933 1949 maxima
957 1901 1010 1948 vi
1035 1900 1256 1959 caedere,
1276 1899 1488 1946 fundere
1509 1906 1660 1961 atque

122 1990 310 2054 fugare.
366 1988 582 2036 Interim
600 1987 856 2045 Metellus,
875 2002 1029 2049 quum
1056 1984 1295 2032 acerrime
1321 2000 1426 2030 rem
1450 1989 1659 2046 gereret,

124 2072 390 2120 clamorem
414 2070 648 2118 hostilem
681 2070 746 2117 ab
775 2074 916 2131 tergo
949 2067 1143 2131 accepit
1158 2085 1172 2128 3
1209 2066 1389 2114 deinde
1424 2081 1662 2112 converso

123 2169 253 2218 equo
276 2152 639 2201 animadvertit
661 2151 834 2215 fugam
860 2150 924 2198 ad
950 2167 1001 2198 se
1027 2167 1227 2198 versum
1253 2149 1363 2196 fieri
1380 2167 1394 2210 3
1431 2164 1558 2211 quae
1584 2164 1663 2195 res

125 2235 384 2284 indicabat
405 2235 672 2299 populares
688 2251 806 2282 esse.
884 2233 1052 2296 Igitur
1067 2233 1349 2296 equitatum
1376 2248 1573 2279 omnem
1599 2232 1662 2278 ad

126 2322 292 2365 castra
314 2332 524 2380 propere
547 2317 725 2375 mittit,
743 2332 800 2363 ac
824 2316 997 2363 statim
1025 2315 1076 2363 C.
1108 2313 1331 2361 Marium
1358 2330 1470 2359 cum
1497 2312 1665 2359 cohor-

127 2400 266 2447 tibus
306 2399 553 2446 sociorum
571 2417 587 2460 3
639 2415 870 2462 eumque,
919 2397 1203 2456 lacrimans,
1252 2412 1342 2459 per
1389 2394 1663 2442 amicitiam

126 2498 314 2546 perque
349 2482 708 2545 rempublicam
745 2483 988 2540 obsecrat,
1026 2497 1089 2527 ne
1122 2496 1272 2543 quam
1310 2477 1664 2525 contumeliam

127 2580 386 2615 remanere
411 2565 465 2612 in
489 2565 717 2612 exercitu
741 2565 947 2623 victore,
969 2581 1095 2611 neve
1120 2563 1288 2610 hostes
1313 2562 1503 2609 inultos
1527 2561 1665 2609 abire

128 2647 266 2696 sinat
285 2665 295 2696 :
333 2647 419 2694 ille
444 2646 586 2694 brevi
609 2646 851 2694 mandata
882 2647 1046 2694 efficit.
1121 2646 1200 2692 At
1222 2645 1254 2693 J
1263 2644 1483 2708 ugurtha
1506 2645 1666 2691 muni-

129 2736 300 2779 mento
336 2734 615 2777 castrorum
652 2728 941 2792 impeditus,
972 2744 1127 2792 quum
1164 2727 1253 2775 alii
1287 2743 1438 2790 super
1475 2725 1664 2773 vallum

129 2811 602 2877 praecipitarentur,
629 2810 716 2857 alii
741 2810 794 2857 in
819 2810 1067 2874 angustiis
1100 2809 1196 2873 ipsi
1221 2809 1318 2856 sibi
1341 2813 1666 2872 properantes

266 2907 376 2942 sco.
1499 2891 1527 2936 4
