1875 3117
201 123 266 170 94
543 121 715 171 SALL
729 121 924 170 USTII
967 117 1368 170 JUGURTHA.

199 232 385 295 gurtha
421 232 589 280 Sullae
626 232 827 278 vinctus
862 230 1098 289 traditur,
1133 234 1185 277 eb
1219 228 1283 276 ab
1314 243 1372 274 eo
1407 225 1472 274 ad
1507 225 1726 273 Marium

202 315 446 363 deductus
472 320 558 361 est.

307 395 499 443 CXIV.
577 394 674 441 Per
723 393 852 440 idem
902 398 1100 456 tempus
1147 391 1412 438 adversum
1456 388 1628 437 Gallos
1667 389 1730 436 ab

203 478 414 526 ducibus
439 478 623 524 nostris
648 477 703 534 Q.
730 477 978 538 Caepione
1004 481 1055 522 et
1080 474 1150 522 M.
1175 473 1370 521 Manlio
1393 472 1523 520 male
1547 488 1732 535 pugna-

204 567 312 608 tum
331 579 342 620 3
391 575 488 622 quo
531 565 669 606 metu
707 558 860 605 Italia
895 558 1056 605 omnis
1092 560 1474 604 contremuerat.
1548 554 1732 618 Illique

204 649 256 690 et
297 643 412 689 inde
449 641 511 688 ad
549 647 771 688 nostram
808 640 1097 688 memoriam
1137 639 1357 687 Romani
1391 639 1462 686 sic
1498 637 1730 694 habuere,

205 726 303 772 alia
345 725 512 772 omnia
549 724 731 770 virtuti
769 739 886 770 suae
925 739 1083 786 prona
1118 738 1253 781 esse3
1296 737 1410 768 cum
1448 720 1608 768 Gallis
1643 736 1733 782 pro
1767 728 1770 730 ’
1854 724 1858 733 ’

205 809 381 865 salute,
408 823 508 853 non
542 823 630 869 pro
660 806 818 867 gloria
843 812 1044 852 certare.
1121 803 1218 850 Sed
1251 808 1516 866 postquam
1547 801 1731 849 bellum

206 892 259 937 in
293 889 536 937 Numidia
562 888 860 946 confectum,
888 894 939 935 et
969 888 1003 934 J
1010 886 1276 949 ugurtham
1303 886 1529 932 vinetum
1553 884 1734 932 adduci

208 972 437 1029 Romam,
465 971 760 1018 nunciatum
798 977 887 1028 est,
916 969 1112 1015 Marius
1148 967 1321 1014 consul
1353 967 1530 1013 absens
1553 964 1732 1023 factus,

207 1062 260 1102 et
283 1056 328 1102 ei
354 1055 554 1102 decreta
579 1053 837 1117 provincia
862 1052 1028 1100 Gallia
1049 1069 1058 1105 ;
1095 1051 1234 1114 isque
1268 1048 1516 1096 Kalendis
1547 1047 1583 1096 J
1587 1064 1736 1095 anua-

208 1138 296 1184 riis
320 1153 500 1199 magna
524 1136 682 1199 gloria
708 1135 879 1182 consul
916 1133 1260 1196 triumphavit.
1337 1131 1414 1179 Ea
1438 1134 1735 1194 tempestate

209 1236 320 1283 spes
345 1225 495 1281 atque
522 1233 638 1280 opes
664 1216 885 1264 civitatis
911 1216 964 1262 in
990 1215 1075 1262 illo
1101 1215 1235 1262 sitae.
