1875 3133
410 91 415 95 ’
465 91 857 143 SALLUSTII
900 92 1309 141 JUGURTJJA.
1593 95 1656 142 89

228 203 368 253 CVI.
443 203 621 251 Volux
644 203 920 251 adveniens
944 208 1259 266 quaestorem
1279 201 1502 265 appellat
1520 200 1662 248 dicit·

124 302 222 350 que
247 302 299 334 se
323 303 354 333 a.
377 290 521 350 patre
547 284 746 332 Boccho
771 284 971 332 obviam
997 284 1097 331 illis
1122 283 1287 342 simul,
1312 288 1362 330 et
1396 281 1660 346 praesidio,

123 369 344 417 missum.
420 368 620 417 Deinde
653 384 768 415 eum
805 373 858 415 et
892 368 1179 431 proximum
1216 366 1349 414 diem
1383 349 1663 413 sine-inetu

124 452 384 515 conjuncti
416 457 552 499 eunt.
629 451 757 499 Post
787 451 875 498 ubi
909 457 1073 498 castra
1098 451 1262 498 locata
1286 456 1338 498 et
1361 450 1461 497 diei
1486 466 1664 513 vesper

124 540 249 602 erap,
276 540 482 598 repente
507 533 722 581 Maurus
747 533 938 580 incerto
963 533 1110 580 vultu
1137 532 1201 580 ad
1227 532 1419 580 Sullam
1444 532 1665 579 accurrit

42 649 47 658 «
124 616 349 681 dicitque
384 616 481 664 sibi
516 633 581 664 ex
616 616 1014 680 speculatoribus
1050 615 1323 679 cognitum,
1354 614 1389 662 J
1394 614 1663 678 ugurtham

124 698 263 747 haud
293 699 470 763 procul
501 699 673 746 abesse
690 716 703 759 3
741 699 891 746 simul
921 699 999 746 uti
1033 704 1186 746 noctu
1211 698 1339 746 clam
1365 715 1532 745 secum
1558 714 1666 761 pro-

125 783 327 848 fugeret
349 789 495 847 rogat
517 789 669 847 atque
694 783 938 831 hortatur.
1017 783 1112 830 Ille
1138 783 1306 830 animo
1330 782 1486 830 feroci
1515 791 1668 844 negat

128 871 157 892 “
175 882 228 914 se
262 867 414 914 toties
437 866 608 914 fusum
635 867 913 914 Numidam
933 867 1283 930 pertimescere
1302 883 1314 926 ;
1351 865 1534 912 virtuti
1559 881 1667 911 suo·

125 968 239 1000 rum
263 951 387 1000 satis
412 949 611 998 credere
628 967 641 1010 3
679 949 831 996 etiam
866 949 909 996 si
941 955 1078 995 certa
1110 948 1265 1011 pestis
1294 947 1505 1005 adesset,
1532 963 1668 993 man-

126 1053 301 1085 surum
333 1034 518 1099 potiuS,
545 1050 695 1098 quam
728 1034 942 1097 proditis
973 1050 1098 1097 quos
1131 1033 1348 1080 ducebat
1380 1032 1519 1095 turpi
1548 1031 1669 1094 fuga

127 1119 349 1167 incertae
395 1134 453 1166 ac
500 1117 715 1165 forsitan
762 1123 877 1180 post
928 1117 1098 1180 paullo
1145 1116 1318 1163 morbo
1370 1116 1669 1163 interiturae

128 1203 266 1251 vitae
290 1201 562 1266 parceret.''
623 1201 859 1249 Ceterum
886 1202 949 1248 ab
968 1201 1141 1248 eodem
1166 1201 1390 1247 monitus
1414 1200 1492 1247 uti
1516 1205 1669 1246 noctu

127 1284 579 1349 proficiscerentur,
607 1283 871 1331 consilium
898 1283 1159 1346 approbat,
1186 1299 1243 1329 ac
1277 1281 1449 1328 statim
1484 1281 1671 1328 milites

128 1373 364 1416 coenatos
396 1384 517 1428 esse,
543 1368 599 1415 in
631 1368 810 1415 castris
843 1368 984 1431 ignes
1014 1384 1164 1431 quam
1195 1367 1520 1414 creberrimos
1545 1366 1668 1423 fieri,

126 1452 247 1501 dein
266 1452 432 1516 prima
455 1452 631 1516 vigilia.
656 1453 858 1500 silentio
884 1452 1052 1515 egredi
1080 1452 1238 1514 jubet.
1314 1451 1533 1514 Jamque
1559 1467 1670 1497 noc-

128 1542 282 1584 turno
316 1535 499 1584 itinere
535 1535 681 1583 fessis
717 1536 950 1583 omnibus
988 1535 1129 1582 Sulla
1165 1535 1356 1598 pariter
1399 1551 1512 1581 cum
1556 1541 1669 1580 ortu

130 1618 248 1666 solis
280 1624 446 1666 castra
473 1619 777 1678 metabatur,
804 1635 960 1682 quum
995 1618 1188 1681 equites
1219 1617 1392 1664 Mauri
1425 1617 1673 1663 nunciant

128 1700 165 1750 J
169 1700 440 1764 ugurtham
473 1701 673 1748 circiter
705 1701 863 1748 duum
896 1701 1112 1748 millium
1147 1699 1416 1747 intervallo
1445 1705 1564 1746 ante
1589 1715 1672 1746 eos

130 1782 423 1831 consedisse.
500 1783 647 1841 Quod
689 1790 956 1847 postquam
999 1783 1230 1830 auditum
1273 1788 1364 1841 est,
1400 1787 1509 1828 tum
1553 1797 1672 1828 vero

130 1866 308 1930 ingens
353 1871 520 1914 metus
566 1872 764 1914 nostros
811 1866 1038 1914 invadit:
1101 1866 1300 1913 credere
1348 1882 1400 1912 se
1447 1865 1673 1928 proditos

130 1969 163 2000 a
208 1951 420 2012 Voluce,
463 1957 517 1999 et
562 1951 761 2000 insidiis
804 1952 1185 1999 circumventos.
1262 1952 1342 1998 Ac
1385 1950 1541 2009 fuere,
1586 1950 1673 2013 qui

131 2035 358 2084 dicerent
380 2051 535 2082 manu
558 2035 937 2094 vindicandum,
956 2052 1117 2098 neque
1143 2034 1278 2098 apud
1303 2034 1445 2081 illum
1472 2039 1672 2080 tantum

132 2115 296 2164 scelus
316 2106 962 2180 multuffielinquendum.

238 2198 409 2248 CVII.
484 2200 564 2247 At
596 2199 753 2259 Sulla,
779 2216 1083 2263 quamquam
1122 2198 1292 2246 eadem
1332 2197 1672 2256 existimabat,

135 2288 307 2331 tamen
340 2283 405 2331 ab
440 2282 629 2347 injuria
670 2282 911 2330 Maurum
955 2282 1217 2346 prohibet:
1268 2298 1383 2328 suos
1425 2280 1673 2339 hortatur,

137 2364 255 2412 “uti
278 2363 461 2413 fortem
487 2365 711 2413 animum
736 2372 992 2429 gererent:
1020 2381 1166 2428 saepe
1186 2370 1335 2411 antea
1359 2363 1531 2426 paucis
1556 2368 1676 2410 stre-

135 2447 252 2496 nuis
275 2446 542 2498 adversum
566 2449 949 2496 multitudinem
979 2449 1106 2496 bene
1136 2453 1447 2511 pugnatum:
1486 2452 1676 2510 quanto

136 2530 234 2579 sibi
259 2529 320 2587 ¹in
343 2530 533 2594 proelio
556 2531 725 2580 minus
748 2532 1104 2596 pepercissent,
1131 2537 1275 2578 tanto
1300 2530 1514 2577 tutiores
1538 2529 1646 2578 fore
1666 2548 1674 2577 :

136 2632 230 2664 nec
270 2631 572 2679 quemquam
610 2616 801 2677 decere,
839 2618 927 2681 qui
963 2633 1143 2664 manus
1179 2616 1467 2675 armaverit,
1507 2615 1572 2663 ab
1606 2615 1678 2662 in-

137 2698 289 2748 ermis
315 2720 324 2742 ·
342 2697 556 2762 pedibus
610 2700 859 2747 auxilium
916 2706 1102 2763 petere,
1151 2699 1206 2747 in
1261 2700 1483 2747 maximo
1538 2705 1678 2747 metu

137 2780 332 2831 nudum
357 2786 410 2829 et
432 2796 635 2829 caecum
660 2798 840 2846 corpus
869 2782 935 2830 ad
967 2782 1136 2830 hostes
1168 2782 1408 2830 vertere.''
1480 2782 1678 2830 Deinde
