1875 3133
409 98 413 102 ⁷
476 107 868 157 SALLUSTII
909 107 1317 158 JUGURTHA.
1618 113 1678 159 13

127 233 220 282 pro
248 218 601 283 magnitudine
633 219 849 285 imperii,
868 221 955 284 jus
988 227 1040 270 et
1075 222 1290 286 injurias
1327 240 1498 272 omnes
1532 241 1680 273 curae

128 318 236 350 esse
272 301 429 351 decet.
506 302 662 351 Nunc
697 321 834 365 Vero,
861 306 1008 353 exsul
1043 306 1226 370 patria,
1254 306 1417 367 domO,
1445 308 1581 356 solus
1610 315 1682 357 at-

128 400 227 448 que
263 384 489 432 omnium
525 384 855 433 honestarum
892 403 1062 434 rerum
1099 403 1265 455 egens,
1304 404 1403 451 quo
1439 388 1678 448 accidam,

127 474 220 517 aut
255 486 381 534 quos
417 471 705 535 appellam?
751 471 1051 520 nationesne
1088 489 1154 520 an
1189 489 1346 537 reges,
1385 473 1474 537 qui
1509 489 1682 522 omnes

127 553 353 603 familiae
377 560 581 603 nostrae
606 556 670 603 ob
694 560 918 603 vestram
938 556 1215 604 amicitiam
1235 556 1412 605 infesti
1437 559 1592 607 sunt?
1616 576 1682 606 an

128 656 381 704 quoquam
418 640 545 687 mihi
582 641 721 689 adire
754 641 888 701 licet,
916 641 1005 689 ubi
1037 658 1141 689 non
1172 643 1422 706 majorum
1454 660 1680 691 meorum

127 722 334 772 hostilia
357 729 689 772 monumenta
704 724 926 788 plurima
945 725 1081 773 sint?
1117 729 1209 773 aut
1233 726 1501 790 quisquam
1520 728 1682 775 nostri

127 807 355 856 misereri
411 814 594 873 potest,
645 809 734 873 qui
793 809 1067 874 aliquando
1127 811 1272 858 vobis
1330 810 1490 860 hostis
1549 811 1682 860 fuit?

127 890 392 940 Postremo
418 891 694 940 Masinissa
712 909 804 941 nos
829 893 904 941 ita
928 893 1173 954 instituit,
1192 894 1372 943 Patres
1392 896 1679 960 conscripti,

126 992 191 1024 ne
216 993 366 1040 quem
393 977 672 1025 coleremus
697 978 798 1025 nisi
826 979 1073 1043 populum
1109 979 1417 1040 Romanum,
1444 997 1508 1028 ne
1534 980 1683 1028 socie-

125 1066 274 1121 tates,
314 1079 379 1110 ne
417 1062 622 1111 foedera
660 1079 795 1111 nova
832 1064 1203 1128 acciperemus:
1260 1065 1461 1113 abunde
1499 1082 1682 1129 magna

125 1147 379 1210 praesidia
393 1147 540 1195 nobis
564 1147 620 1194 in
644 1153 817 1195 Vestra
836 1148 1063 1196 amicitia
1087 1148 1196 1196 fore
1216 1167 1225 1197 ε
1265 1150 1308 1197 si
1332 1149 1452 1197 huic
1470 1149 1682 1214 imperio

125 1229 335 1278 fortuna
358 1236 663 1291 mutaretur,
691 1249 795 1279 una
819 1233 966 1280 nobis
1000 1234 1332 1282 occidendum
1369 1252 1489 1284 esse.
1565 1235 1682 1282 Vir-

126 1318 239 1362 tute
262 1331 320 1362 ac
346 1313 425 1362 dis
449 1314 741 1363 volentibus
774 1317 947 1380 magni
977 1318 1098 1365 estis
1132 1324 1185 1366 et
1210 1319 1468 1383 opulenti:
1514 1320 1683 1367 omnia

125 1397 347 1445 secunda
380 1403 433 1446 et
468 1398 759 1447 obedientia
791 1405 913 1448 sunt
932 1418 946 1462 3
984 1418 1084 1465 quo
1108 1402 1310 1450 facilius
1336 1403 1584 1451 sociorum
1610 1404 1683 1450 in-

120 1481 284 1545 jurias
333 1498 510 1530 curare
557 1483 690 1532 licet.
767 1484 990 1532 Tantum
1038 1486 1168 1535 illud
1216 1503 1408 1547 Vereor,
1451 1503 1516 1534 ne
1558 1504 1682 1551 quos

124 1565 328 1630 privata
352 1566 579 1614 amicitia
602 1567 640 1615 J
642 1567 894 1631 ugurthae
918 1585 1099 1632 parum
1134 1570 1336 1633 cognita
1367 1574 1682 1617 transversos

125 1654 273 1713 agat:
312 1666 438 1714 quos
464 1667 554 1714 ego
570 1651 723 1700 audio
738 1653 963 1700 maxima
982 1670 1074 1718 ope
1098 1655 1211 1714 niti,
1233 1655 1440 1715 ambire,
1466 1654 1681 1718 fatigare

125 1749 215 1780 vos
254 1733 494 1797 singulos,
535 1750 600 1781 ne
639 1734 763 1798 quid
802 1735 865 1782 de
913 1736 1137 1796 absente,
1181 1737 1441 1800 incognita
1489 1754 1678 1796 caussa,

125 1817 402 1879 statuatis,
473 1817 663 1881 fingere
719 1834 800 1866 me
847 1819 1018 1878 verba,
1069 1818 1244 1882 fugam
1292 1819 1546 1879 simulare,
1598 1821 1680 1866 cui

124 1901 328 1950 licuerit
356 1902 412 1950 in
444 1919 600 1966 regno
635 1920 853 1952 manere.
931 1904 1078 1962 Quod
1115 1905 1314 1952 utinam
1346 1905 1508 1965 illum,
1537 1906 1680 1969 cujus

123 1986 281 2050 impio
317 1986 543 2035 facinore
576 1987 632 2035 in
663 1988 756 2036 has
792 1988 1020 2036 miserias
1057 1989 1313 2052 projectus
1351 2006 1478 2049 sum,
1506 1989 1679 2037 eadem

124 2068 248 2117 haec
274 2070 600 2119 simulantem
626 2071 828 2119 videam
844 2090 859 2134 ,·
897 2077 950 2120 et
986 2072 1260 2136 aliquando
1295 2078 1386 2120 aut
1410 2073 1547 2138 apud
1572 2091 1676 2133 vos,

125 2157 217 2199 aut
257 2153 395 2217 apud
437 2153 556 2202 deos
594 2154 921 2215 immortales,
966 2172 1137 2203 rerum
1179 2156 1518 2204 humanarum
1559 2174 1679 2204 cura

125 2236 350 2286 oriatur!
387 2255 484 2309 n—ae
508 2239 610 2300 ille,
638 2239 728 2304 qui
756 2256 893 2287 nunc
927 2241 1199 2289 sceleribus
1225 2242 1330 2289 suis
1354 2240 1500 2288 ferox
1525 2246 1678 2306 atque

124 2322 415 2385 praeclarus
450 2329 543 2384 est,
583 2325 818 2373 omnibus
854 2325 1002 2373 malis
1041 2325 1362 2373 excruciatus
1399 2325 1677 2389 impietatis

124 2405 181 2451 in
226 2411 488 2468 parentem
527 2413 775 2468 nostrum,
817 2407 993 2456 fratris
1034 2409 1134 2457 mei
1175 2410 1312 2456 necis
1351 2425 1676 2472 mearumque

125 2487 442 2536 miseriarum
481 2506 661 2554 graves
703 2507 890 2555 poenas
932 2492 1123 2541 reddet.
1199 2492 1236 2540 J
1239 2510 1319 2539 am
1353 2493 1460 2555 jam
1500 2492 1673 2552 frater,

57 2584 69 2588 “
124 2571 295 2620 animo
342 2589 454 2620 meo
497 2574 767 2635 carissime,
811 2591 1118 2640 quamquam
1157 2577 1254 2623 tibi
1292 2576 1580 2637 immaturo,
1624 2582 1676 2625 et

125 2654 260 2703 unde
285 2655 494 2704 minime
518 2656 705 2719 decuit,
732 2658 842 2706 vita
866 2664 1040 2723 erepta
1065 2665 1156 2719 est,
1183 2664 1356 2707 tamen
1380 2659 1673 2707 laetandum

124 2738 285 2802 magis
321 2755 473 2804 quam
510 2739 785 2789 dolendum
821 2748 948 2806 puto
986 2759 1156 2790 casum
1190 2748 1338 2790 tuum
1355 2761 1369 2805 3
1406 2759 1510 2791 non
1539 2744 1672 2791 enim

124 2838 351 2888 regnum,
379 2823 467 2872 sed
496 2824 687 2889 fugam,
719 2826 946 2887 exilium,
972 2832 1246 2891 egestatem
1280 2832 1331 2875 et
1364 2843 1536 2876 omnes
1565 2827 1670 2887 has,
