1875 3117
172 117 234 165 :36
526 114 910 164 SALLUSTJJ
953 113 1354 164 JUGURTJJA.

171 228 283 278 fuit.
358 227 592 291 Namque
629 243 832 290 coc-pere
868 225 1107 273 nobilitas
1142 224 1458 286 dignitatem,
1486 222 1702 289 populus

172 309 453 356 libertatem
482 309 533 355 in
569 308 842 356 lubidinem
870 314 1097 368 vertet-eq
1133 307 1229 355 sibi
1260 307 1472 371 quisque
1502 305 1700 366 ducere,

173 392 385 450 trahere,
413 408 598 455 rapere.
675 390 757 437 Ita
793 390 962 437 onmia
997 390 1049 437 in
1085 390 1212 438 duas
1246 396 1416 454 partes
1449 389 1704 438 abstracta

172 480 321 535 sunt5
358 474 653 537 respublica,
674 489 801 535 quac
826 471 991 537 media
1015 472 1197 529 fuerat,
1217 471 1502 521 dilacerata.
1564 471 1704 521 Cete-

173 573 283 604 rum
333 556 569 603 nobilitas
618 555 836 602 factione
892 554 1050 616 magis
1104 554 1355 618 pollebat;
1412 553 1574 618 plebis
1626 553 1706 602 vis

173 640 337 687 soluta
375 646 525 701 atque
562 637 785 700 dispcffia
822 637 874 683 in
911 636 1238 684 multitudine
1275 637 1442 685 minus
1477 641 1705 701 poterat;

174 739 443 786 paucorum
493 721 703 767 arbitrio
745 720 863 767 lwlli
911 719 1144 782 domique
1191 719 1479 782 agitabatur
1495 738 1508 781 ;
1554 736 1708 785 penes

174 804 368 851 eosdem
407 804 670 860 aerarium,
702 802 1004 866 provinciae,
1037 802 1374 865 magistratus,
1403 802 1590 866 gloriae
1621 802 1707 850 tri-

176 889 447 952 umphique
483 895 658 946 crantj
706 887 921 950 populus
957 887 1140 934 militia
1174 893 1326 950 atque
1364 886 1535 951 inopia
1568 902 1709 950 urge-

176 972 346 1032 batur3
374 970 583 1034 praedas
608 970 811 1016 bellicas
837 970 1160 1032 imperatores
1180 985 1292 1016 curn
1319 969 1492 1033 paucis
1510 968 1709 1033 diripie-

175 1054 311 1100 hant..
388 1053 591 1100 Interea
628 1059 860 1115 parentes
896 1059 985 1097 aut
1023 1051 1165 1114 parvi
1203 1051 1348 1099 liberi
1384 1050 1621 1110 militum,
1651 1055 1711 1098 ut

175 1137 385 1200 quisquc
422 1135 692 1199 potentiori
730 1135 939 1182 confinis
975 1142 1099 1192 erat,
1137 1134 1339 1182 sedibus
1374 1134 1704 1198 pellebantur.

179 1219 262 1265 Ita
297 1235 410 1265 cum
445 1218 672 1281 potentia
704 1217 918 1264 avaritia
952 1216 1058 1263 sinc
1092 1216 1238 1264 modo
1271 1216 1614 1280 modestiaque
1638 1216 1710 1264 in·

178 1301 374 1359 vadere,
405 1300 625 1364 polluere
662 1306 713 1347 ct
747 1307 944 1346 vastare
977 1300 1145 1346 omnia
1162 1317 1175 1359 ;
1212 1299 1338 1347 nihil
1375 1300 1518 1363 pensi
1548 1315 1711 1363 neque

177 1386 338 1433 sancti
375 1385 572 1442 habere,
603 1383 765 1447 quoad
799 1389 957 1430 semet
992 1383 1099 1448 ipsa
1135 1382 1500 1447 praecipitavit.
1573 1381 1710 1431 Nam

180 1469 264 1515 ubi
313 1469 530 1532 primum
580 1483 643 1514 ex
692 1467 956 1513 nobilitate
1005 1466 1190 1529 reperti
1238 1472 1373 1525 sunt,
1410 1466 1498 1530 qui
1539 1481 1708 1513 veram

177 1552 385 1613 gloriam
419 1551 637 1613 injustae
669 1550 924 1613 potentiae
960 1553 1339 1611 anteponerent,
1372 1547 1563 1595 moveri
1595 1546 1710 1595 civi·

180 1643 271 1692 tas,
311 1640 363 1681 et
403 1632 646 1681 dissensio
687 1632 851 1679 civilis
891 1631 1034 1695 quasi
1075 1630 1346 1694 permixtio
1387 1635 1551 1678 terrae
1590 1629 1712 1678 oriri

179 1717 354 1781 coepit.

281 1798 455 1846 XLII.
532 1797 667 1845 Nam
704 1802 968 1860 postquam
1006 1796 1235 1844 Tiberius
1270 1802 1324 1844 et
1356 1796 1407 1846 C.
1438 1796 1711 1856 Gracchus,

179 1897 390 1945 quorum
425 1881 637 1942 majores
670 1880 863 1927 Punico
895 1886 1046 1943 atque
1070 1879 1184 1927 aliis
1212 1879 1357 1927 bellis
1381 1879 1598 1927 multum
1621 1878 1714 1927 rei-

180 1964 409 2027 publicae
434 1962 749 2021 addiderant,
770 1961 1027 2010 vindicare
1051 1962 1246 2026 plebem
1273 1962 1327 2009 in
1350 1961 1637 2010 libertatem
1660 1967 1715 2009 et

182 2064 452 2112 paucorum
486 2046 672 2094 scelera
703 2045 986 2110 patefacere
1011 2061 1231 2109 coepere,
1256 2044 1538 2093 nobilitatis
1560 2044 1715 2093 noxia

181 2138 332 2195 atque
356 2146 414 2178 eo
438 2129 666 2194 perculsa
690 2129 837 2177 modo
861 2146 950 2193 per
974 2129 1133 2177 socios
1155 2144 1214 2176 ac
1242 2143 1426 2176 nomen
1454 2126 1713 2187 Latinum,

182 2215 434 2263 interdum
468 2231 557 2278 per
588 2214 782 2278 equites
816 2213 1087 2272 Romanos,
1113 2229 1239 2277 quos
1269 2229 1383 2277 spes
1405 2212 1661 2261 societatis
1683 2228 1716 2261 a

180 2297 323 2360 plebe
348 2296 643 2354 dimoverat,
665 2294 1005 2343 Gracchorum
1030 2294 1314 2342 actionibus
1337 2294 1538 2342 obviam
1561 2294 1692 2343 ierat
1698 2312 1715 2357 ς

181 2387 233 2428 et
262 2379 425 2444 primo
457 2379 730 2438 Tiberium,
755 2378 874 2426 dein
905 2394 1090 2442 paucos
1121 2383 1236 2442 post
1258 2393 1418 2426 annos
1440 2377 1615 2426 eadem
1641 2377 1717 2426 in-

180 2462 488 2527 gredientem
520 2463 714 2522 Caium‚
739 2463 1002 2510 tribunum
1034 2462 1266 2521 alterum,
1291 2461 1508 2510 alterum
1539 2461 1716 2510 trium·

182 2547 347 2594 virum
395 2546 602 2594 coloniis
648 2545 968 2604 deducendis,
1011 2561 1125 2592 cum
1174 2544 1247 2594 M.
1292 2545 1477 2594 Fulvio
1516 2544 1712 2606 Flacco,

182 2629 315 2678 ferro
345 2635 626 2678 necaverat.
700 2629 772 2678 Et
802 2645 922 2677 sane
946 2628 1187 2677 Gracchis
1214 2615 1451 2692 cupidine
1472 2628 1715 2678 victoriae

182 2710 317 2759 haud
356 2712 480 2759 satis
520 2711 809 2760 moderatus
848 2711 1048 2758 animus
1081 2710 1196 2758 fuit,
1269 2709 1370 2760 Sed
1409 2711 1542 2760 bono
1575 2710 1715 2759 vinci

182 2793 341 2842 satius
364 2799 455 2853 est,
481 2810 631 2858 quam
656 2793 789 2841 malo
817 2809 954 2841 more
985 2792 1224 2855 injuriam
1256 2791 1472 2841 vincere.
1544 2789 1715 2856 Igitur
