1875 3117
245 133 273 175 5
281 132 307 179 4
605 131 684 181 SA
696 132 735 180 L
743 132 877 188 LLrS
883 131 955 180 TI
955 133 991 181 I
1032 133 1074 180 J
1080 131 1168 183 UG
1177 131 1412 182 URTHA
1421 170 1431 181 .

246 259 377 301 nere,
419 247 528 290 “ne
566 248 668 291 tam
708 260 864 312 praya
901 244 1160 308 inciperet,
1199 261 1298 292 ncu
1333 260 1486 309 super
1519 241 1776 293 fortunam

245 326 466 373 animum
493 335 689 389 gereret
711 346 723 388 3
760 344 860 375 non
897 329 1065 376 onmia
1097 329 1330 376 omnibus
1359 326 1608 393 cupienda
1639 344 1779 388 08803

242 408 423 457 debere
449 410 522 457 illi
548 427 625 457 res
651 427 765 456 suas
789 411 913 458 satis
946 411 1170 475 placere;
1208 417 1460 475 postremo
1491 416 1694 459 caveret
1726 410 1778 459 id

242 498 412 555 petere
450 510 481 539 a
519 493 703 556 populo
744 493 989 552 Romano,
1029 494 1161 558 quod
1201 495 1276 542 illi
1311 495 1427 556 jure
1466 493 1779 558 negaretur.''

243 575 515 638 Postquam
557 575 677 623 haec
715 584 866 640 atquc
903 577 1002 624 alia
1039 578 1162 625 talia
1197 578 1345 638 dixit,
1382 593 1545 642 neque
1580 577 1779 625 animus

243 657 397 705 Marii
424 659 659 717 flectitur,
687 660 960 724 respondit,
989 666 1017 687 ‘¹
1037 662 1122 708 ubi
1158 661 1659 730 primumvpotuisset
1689 676 1780 725 per

242 742 442 803 negotia
490 743 704 805 publiea,
756 744 1008 791 facturum
1058 760 1164 792 sese
1211 760 1340 808 quae
1354 729 1625 809 ‘peteretf
1698 744 1778 791 Ae

241 831 414 886 postea
452 825 650 888 saepius
693 826 864 873 cadem
906 827 1184 891 postulanti
1223 827 1387 875 fertur
1421 826 1625 886 dixisse,
1665 831 1777 874 “ne

241 907 505 954 festinaret
531 908 696 956 abire:
736 910 858 956 satis
884 916 1080 958 mature
1116 910 1259 958 illum
1285 927 1397 958 cum
1424 910 1528 958 filio
1551 926 1643 958 suo
1667 926 1778 958 con-

240 988 459 1036 sulatum
479 992 803 1053 petiturum.’'
877 992 929 1040 Is
950 1010 1006 1040 eo
1026 998 1250 1057 tempore
1269 993 1600 1041 contubernio
1617 993 1778 1058 patris

240 1071 424 1119 ibidem
453 1074 721 1131 militabat,
749 1092 906 1122 annos
940 1083 1091 1124 natus
1125 1077 1327 1125 circiter
1360 1090 1442 1125 xx.
1519 1076 1662 1136 Quae
1697 1091 1778 1125 res

241 1155 481 1214 Marium,
522 1174 676 1220 quum
726 1175 816 1222 pro
863 1159 1066 1219 honore,
1115 1177 1260 1224 quem
1311 1160 1617 1220 adfectabat,
1666 1166 1776 1208 tum

240 1245 415 1286 contra
433 1240 714 1299 Metellum,
733 1242 1057 1290 vehementer
1072 1244 1380 1291 accenderat.
1440 1243 1526 1292 Ita
1540 1243 1777 1308 cupidine

238 1328 390 1386 atquc
416 1324 504 1379 ira,
527 1326 753 1388 pessimis
774 1327 1158 1384 consultoribus,
1179 1327 1394 1390 grassari
1413 1345 1425 1387 ;
1461 1343 1625 1391 neque
1640 1326 1777 1375 facto

239 1405 342 1453 ullo
391 1424 551 1470 neque
600 1408 734 1455 dieto
782 1410 1050 1468 abstinere,
1093 1409 1224 1474 quod
1264 1409 1412 1458 modo
1452 1409 1775 1458 ambitiosum

236 1490 398 1551 foret3
436 1492 637 1549 milites,
664 1493 847 1556 quibus
873 1493 922 1540 in
950 1493 1174 1541 hibernis
1199 1499 1444 1558 praeerat,
1470 1493 1662 1541 laxiore
1687 1492 1775 1540 im-

238 1573 392 1636 perio,
419 1590 568 1637 quam
595 1581 745 1622 antea
770 1575 983 1636 habere3
1021 1576 1155 1640 apud
1180 1577 1534 1640 negotiatores,
1559 1591 1774 1641 quorum

237 1673 417 1719 magna
442 1657 718 1704 multitudo
745 1658 929 1706 Vticae
954 1665 1078 1717 erat,
1104 1659 1369 1708 criminose
1393 1659 1544 1708 simul
1568 1664 1621 1708 et
1643 1675 1770 1724 mag-

239 1739 385 1786 nifice
410 1739 471 1787 de
497 1741 628 1787 bello
654 1741 789 1804 loqui
809 1760 817 1789 ε
859 1742 1115 1790 “dimidia
1138 1759 1254 1807 pars
1273 1743 1525 1791 exercitus
1548 1742 1646 1791 sibi
1668 1759 1775 1808 per-

236 1822 541 1881 mitteretur,
567 1824 739 1887 paucis
765 1824 942 1872 diebus
976 1825 1013 1873 J
1018 1825 1287 1889 ugurtham
1324 1826 1380 1874 in
1411 1826 1604 1874 catenis
1637 1825 1775 1874 habi-

237 1911 408 1951 turum
427 1922 441 1966 ,²
478 1906 541 1952 ab
557 1907 858 1970 imperatore
878 1908 1108 1956 consulto
1122 1908 1273 1968 trahi,
1290 1908 1425 1973 quod
1443 1908 1592 1957 homo
1606 1908 1774 1957 inanis

236 1992 290 2033 et
324 1988 491 2051 regiae
528 1989 790 2052 superbiae
831 1990 1043 2054 imperio
1080 1991 1232 2039 nimis
1272 1990 1560 2055 gauderet-'²
1630 1991 1773 2050 Quae

236 2070 405 2118 omnia
433 2071 534 2118 illis
567 2088 625 2119 eo
656 2072 878 2120 firmiora
910 2073 1231 2133 videbantur,
1265 2073 1400 2138 quod
1431 2072 1772 2122 diuturnitate

234 2153 356 2200 belli
379 2170 459 2201 res
483 2154 757 2202 familiares
782 2162 1126 2220 corruperant,
1146 2162 1198 2204 et
1212 2157 1382 2204 animo
1400 2156 1626 2221 cupienti
1643 2155 1773 2205 nihil

234 2236 356 2283 satis
381 2236 665 2284 festinatur.

337 2319 503 2368 LXV.
579 2319 708 2368 Erat
730 2326 991 2385 praeterea
1014 2322 1070 2369 in
1093 2322 1322 2370 exercitu
1346 2327 1519 2371 nostro
1543 2322 1773 2372 Numida

232 2403 453 2466 quidam,
473 2404 676 2451 nomine
696 2404 891 2464 Gauda,
913 2404 1282 2453 Mastanabalis
1298 2405 1449 2466 filius,
1468 2405 1771 2454 Masinissae

231 2503 401 2550 nepos,
439 2503 588 2550 quem
624 2486 843 2552 Micipsa
878 2493 1184 2537 testamento
1220 2488 1496 2537 secundum
1533 2487 1770 2538 heredem

231 2569 514 2632 scripserat,
538 2571 727 2618 morbis
751 2559 1011 2619 coniectus
1035 2576 1088 2620 et
1118 2571 1183 2620 ob
1206 2588 1316 2620 eam
1349 2588 1577 2627 caussam
1598 2577 1770 2620 mente

229 2651 457 2715 paullum
499 2653 781 2720 imminuta.
858 2653 955 2703 Cui
995 2653 1238 2702 Metellus
1274 2655 1473 2719 petenti
1516 2670 1657 2703 more
1695 2670 1770 2702 re-

229 2751 348 2798 gum
384 2735 463 2783 uti
498 2737 672 2784 sellam
702 2738 857 2801 juxta
890 2742 1116 2802 poneret,
1142 2737 1265 2786 item
1300 2743 1477 2803 postea
1509 2736 1769 2803 custodiae

228 2834 405 2867 caussa
427 2823 648 2868 turmam
672 2821 901 2886 equitum
931 2820 1295 2882 Romanorum,
1320 2826 1595 2887 utrumque
1621 2825 1769 2885 nega-
